=LDR  01133ntm  2200265I  4500
=001  uab462003857
=003  AEU
=005  20140319134934.0
=006  m|||||o||d||||||||
=007  cr||||||||||||
=008  140319s1983\\\\abcabf\\obm\\\000\0\eng\d
=040  \\$aAEU$cAEU
=043  \\$an-cn-ab
=050  \4$aRA983.A3$bT65 1983
=090  \\$aInternet Access$bAEU
=100  1\$aToll, Kerry Arlene, 1951-
=245  10$aHospital bed utilization by levels of care in Alberta$h[electronic resource] /$cby Kerry Arlene Toll.
=260  \\$cc1983.
=300  \\$a1 online resource (xiv, 190 p.) :$bill., maps
=500  \\$a"A thesis submitted to the Faculty of Graduate Studies and Research in partial fulfillment of the requirements for the Degree of Master of Health Services Administration, Department of Health Services Administration and Community Medicine."
=502  \\$aThesis (M.H.S.A.)--University of Alberta, 1982.
=504  \\$aIncludes bibliographical references.
=650  \0$aHospital utilization$zAlberta.
=710  2\$aUniversity of Alberta.$bDepartment of Health Services Administration and Community Medicine.
=900  \\$aMK56925
=949  \\$zUAIN$zETHESIS

