=LDR  01187ntm  2200301I  4500
=001  uab858205672
=003  AEU
=005  20140319134934.0
=006  m|||||o||d||||||||
=007  cr||||||||||||
=008  140319s1982\\\\abcdf\\\o\\bm\000\0\eng\d
=040  \\$aAEU$cAEU
=043  \\$an-cn-ab
=050  \4$aZ1003.5.C2$bG54 1982
=090  \\$aInternet Access$bAEU
=100  1\$aGil, Olga Joan,$d1939-
=245  10$aReading patterns in languages other than English in Lethbridge$h[electronic resource] /$cby Olga Joan Gil.
=260  \\$cc1982.
=300  \\$a1 online resource (x, 156 p.) :$bill.
=500  \\$a"A thesis submitted to the Faculty of Graduate Studies and Research in partial fulfillment of the requirements for the Degree of Master of Library Science, Faculty of Library Science."
=502  \\$aThesis (M.L.S.)--University of Alberta, 1982.
=504  \\$aBibliography: p. 129-136.
=650  \0$aReading interests$zAlberta$zLethbridge.
=650  \0$aEthnology$zAlberta$zLethbridge.
=650  \0$aBooks and reading$zAlberta$zLethbridge.
=651  \0$aLethbridge (Alta.)$xIntellectual life.
=710  2\$aUniversity of Alberta.$bFaculty of Library Science.
=900  \\$aMK60323
=949  \\$zUAIN$zETHESIS

