=LDR  01123ntm  2200289I  4500
=001  uab22039078\
=003  AEU
=005  20140319134934.0
=006  m|||||o||d||||||||
=007  cr||||||||||||
=008  140319s1983\\\\xx\adf\\obm\\\000\0\eng\d
=040  \\$aAEU$cAEU
=050  \4$aQL444.M33$bB68 1983
=090  \\$aInternet Access$bAEU
=100  1\$aBoulding, Elizabeth Grace,$d1958-
=245  14$aThe ecology and biomechanics of crab predation on infaunal bivalves$h[electronic resource] /$cby Elizabeth Grace Boulding.
=260  \\$cc1983.
=300  \\$a1 online resource (xi, 104 p.) :$bill.
=500  \\$a"A thesis submitted to the Faculty of Graduate Studies and Research in partial fulfillment of the requirements for the Degree of Master of Science, Department of Zoology."
=502  \\$aThesis (M. Sc.)--University of Alberta, 1983.
=504  \\$aIncludes bibliographical references (p. 95-100).
=650  \0$aCrabs$xBehavior.
=650  \0$aCrabs$xFood.
=650  \0$aAnimal mechanics.
=650  \0$aClams$xEffect of predation on.
=710  2\$aUniversity of Alberta.$bDepartment of Zoology.
=900  \\$aMK63826
=949  \\$zUAIN$zETHESIS

