=LDR  01165ntm  2200289I  4500
=001  uab65685927\
=003  AEU
=005  20140319134934.0
=006  m|||||o||d||||||||
=007  cr||||||||||||
=008  140319s1983\\\\abc\\\\\obm\\\000\0\eng\d
=040  \\$aAEU$cAEU
=043  \\$an-cn-ab
=050  \4$aKE641$b.M36 1983
=090  \\$aInternet Access$bAEU
=100  1\$aManderscheid, Donald John.
=245  10$aSome problems with the condominium law in Alberta$h[electronic resource] /$cby Donald John Manderscheid.
=260  \\$cc1983.
=300  \\$a1 online resource ([1], x, 156 p.)
=500  \\$a"A thesis submitted to the Faculty of Graduate Studies and Research in partial fulfillment of the requirements for the Degree of Master of Laws, Department of Law."
=500  \\$aIncludes Appendix III: "Condominium Property Act, Chapter C-22" and letter of authorization, p. [i].
=502  \\$aThesis (LL.M.)--University of Alberta.
=504  \\$aBibliography: p. 98-100.
=610  10$aAlberta.$tCondominium Property Act (1966)
=650  \0$aCondominiums$xLaw and legislation$zAlberta.
=710  2\$aUniversity of Alberta.$bDepartment of Law.
=900  \\$aMK63910
=949  \\$zUAIN$zETHESIS

