=LDR  01326ntm  2200325I  4500
=001  uab150498314
=003  AEU
=005  20140319134934.0
=006  m|||||o||d||||||||
=007  cr||||||||||||
=008  140319s1983\\\\abcabdf\obm\\\000\0\eng\d
=040  \\$aAEU$cAEU
=043  \\$an-cn-bc
=050  \4$aQE446.B8$bB47 1983
=090  \\$aInternet Access$bAEU
=100  1\$aBerndt, Kathleen A.$q(Kathleen Anne)
=245  10$aPetrology and tectonic setting of the satellitic Tertiary Coryell intrusives of southeastern British Columbia$h[electronic resource] /$cby Kathleen A. Berndt.
=260  \\$cc1983.
=300  \\$a1 online resource ([1], xiii, 126 p.) :$bill., maps
=500  \\$a"Fall 1983".
=500  \\$a"A thesis submitted to the Faculty of Graduate Studies and Research in partial fulfillment of the requirements for the Degree of Master of Science, Geology."
=500  \\$aPlates are accompanied by unpaged descriptions.
=502  \\$aThesis (M. Sc.)--The University of Alberta, 1983.
=504  \\$aIncludes bibliographical references (p. 87-93).
=650  \0$aPetrology$zBritish Columbia.
=650  \0$aMetamorphic rocks$zBritish Columbia.
=650  \0$aIntrusions (Geology)$zBritish Columbia.
=650  \0$aGeology$zBritish Columbia.
=900  \\$aML26807
=949  \\$zUAIN$zETHESIS
=987  \\$amissing$b710$dNo department specified.

