=LDR  01084ntm  2200265I  4500
=001  uab797159020
=003  AEU
=005  20140319134934.0
=006  m|||||o||d||||||||
=007  cr||||||||||||
=008  140319s1983\\\\abcaf\\\obm\\\000\0\eng\d
=040  \\$aAEU$cAEU
=050  \4$aQR99.63$b.M39 1983
=090  \\$aInternet Access$bAEU
=100  1\$aMc Nicholas, Sean,$d1958-
=245  14$aThe isolation of functionally axenic filaments of Pseudanabaena catenata and other planktonic cyanobacteria$h[electronic resource] /$cby Sean Mc Nicholas.
=260  \\$cc1983.
=300  \\$a1 online resource (xiv, 98 p.) :$bill.
=500  \\$a"A thesis submitted to the Faculty of Graduate Studies and Research in partial fulfillment of the requirements for the Degree of Master of Science in Plant Physiology, Botany."
=502  \\$aThesis (M. Sc.)--University of Alberta, 1983.
=504  \\$aIncludes bibliographical references.
=650  \0$aCyanobacteria.
=650  \0$aBacteriology$xCultures and culture media.
=710  2\$aUniversity of Alberta.$bDepartment of Botany.
=900  \\$aML26898
=949  \\$zUAIN$zETHESIS

