=LDR  01323ntm  2200325I  4500
=001  uab51824729\
=003  AEU
=005  20140319134934.0
=006  m|||||o||d||||||||
=007  cr||||||||||||
=008  140319s1984\\\\xx\abdf\obm\\\000\0\eng\d
=040  \\$aAEU$cAEU
=043  \\$an-cn-bc
=050  \4$aQD172.P8$bS75 1984
=090  \\$aInternet Access$bAEU
=100  1\$aSt. Louis, Robert Michael,$d1958-
=245  10$aGeochemistry of the platinum group elements in the Tulameen Ultramafic Complex, British Columbia$h[electronic resource] /$cby Robert Michael St. Louis.
=260  \\$cc1984.
=300  \\$a1 online resource (xvi, 127 p.) :$bill., maps
=500  \\$a"A thesis submitted to the Faculty of Graduate Studies and Research in partial fulfillment of the requirements for the Degree of Master of Science, Department of Geology."
=502  \\$aThesis (M. Sc.)--University of Alberta, 1984.
=504  \\$aIncludes bibliographical references (p. 59-64).
=650  \0$aPlatinum group.
=650  \0$aPlatinum ores$zBritish Columbia.
=650  \0$aGeochemical prospecting$zBritish Columbia.
=650  \0$aMines and mineral resources$zBritish Columbia.
=650  \0$aOre deposits$zBritish Columbia.
=651  \0$aBritish Columbia.
=710  2\$aUniversity of Alberta.$bDepartment of Geology.
=900  \\$aML26967
=949  \\$zUAIN$zETHESIS

