=LDR  01796ntm  2200385I  4500
=001  uab42078220\
=003  AEU
=005  20140319134934.0
=006  m|||||o||d||||||||
=007  cr||||||||||||
=008  140319s1995\\\\xx\\\\\\obm\\\000\0\eng\d
=040  \\$aAEU$cAEU
=043  \\$an-us-ny
=050  \4$aHD6517.N7$bM37 1995
=090  \\$aInternet Access$bAEU
=100  1\$aMassing, Dana Christine.
=245  10$a"Shoulder to shoulder for a common cause?"$h[electronic resource] :$bJewish, Italian, and Black women garment workers in New York City, 1900-1930 /$cby Dana Christine Massing.
=260  \\$cc1995.
=300  \\$a1 online resource (176 p.)
=500  \\$a"A thesis submitted to the Faculty of Graduate Studies and Research in partial fulfilment of the requirements for the degree of Master of Arts in History, Department of History and Classics."
=502  \\$aThesis (M.A.)--University of Alberta, 1995.
=504  \\$aIncludes bibliographical references (p. 159-176).
=650  \0$aClothing workers$zNew York (State)$zNew York$xHistory.
=650  \0$aClothing workers$zNew York (State)$xLabor unions$zNew York.
=650  \0$aItalian American women$xEconomic conditions.
=650  \0$aItalian American women$zNew York (State)$zNew York$xHistory.
=650  \0$aAfrican American women$zNew York (State)$zNew York$xHistory.
=650  \0$aWorking class Jews$zNew York (State)$zNew York.
=650  \0$aJewish women$zNew York (State)$zNew York$xHistory.
=651  \0$aNew York (N.Y.)$xEconomic conditions$xHistory.
=650  \0$aAfrican American labor union members.
=651  \0$aNew York (N.Y.)$xRace relations$xHistory.
=651  \0$aNew York (N.Y.)$xEthnic relations$xHistory.
=710  2\$aUniversity of Alberta.$bDepartment of History and Classics.
=900  \\$aMM06362
=949  \\$zUAIN$zETHESIS

