=LDR  01129ntm  2200277I  4500
=001  uab70614156\
=003  AEU
=005  20140319134934.0
=006  m|||||o||d||||||||
=007  cr||||||||||||
=008  140319s1997\\\\xx\a\\\\obm\\\000\0\eng\d
=040  \\$aAEU$cAEU
=050  \4$aHV1451$b.H37 1997
=090  \\$aInternet Access$bAEU
=100  1\$aHarlton, Shauna-Vi Marie.
=245  10$aEcological perspectives of eldercare$h[electronic resource] /$cby Shauna-Vi Marie Harlton.
=260  \\$cc1997.
=300  \\$a1 online resource ([x], 67 leaves) :$bill.
=500  \\$a"A thesis submitted to the Faculty of Graduate Studies and Research in partial fulfilment of the requirements for the degree of Master of Science in Family Life Education, Department of Human Ecology."
=502  \\$aThesis (M. Sc.)--University of Alberta, 1997.
=504  \\$aIncludes bibliographical references.
=650  \0$aOlder people$xHome care.
=650  \0$aOlder people$xServices for$xSocial aspects.
=650  \0$aOlder people$xServices for$xEconomic aspects.
=710  2\$aUniversity of Alberta.$bDepartment of Human Ecology.
=900  \\$aMQ21171
=949  \\$zUAIN$zETHESIS

