=LDR  01118ntm  2200277I  4500
=001  uab12339770\
=003  AEU
=005  20140319134934.0
=006  m|||||o||d||||||||
=007  cr||||||||||||
=008  140319r1984uuuuxx\\\\\\obm\\\000\0\eng\d
=040  \\$aAEU$cAEU
=050  \4$aQA280$b.M63 1984
=090  \\$aInternet Access$bAEU
=100  1\$aMoazzami, Bakhtiar,$d1954-
=245  12$aA Monte Carlo study of the small sample properties of simultaneous equation estimators in the presence of autocorrelated disturbances$h[electronic resource] /$cby Bakhtiar Moazzami.
=260  \\$cc1984.
=300  \\$a1 online resource (xv, 314 p.)
=500  \\$a"A thesis submitted to the Faculty of Graduate Studies and Research in partial fulfilment of the requirements for the degree of Doctor of Philosophy."
=502  \\$aThesis (Ph. D.)--University of Alberta, 1984.
=504  \\$aIncludes bibliographical references (leaves 174-183).
=590  \\$aScanned copy imperfect: faded print throughout.
=650  \0$aTime-series analysis.
=650  \0$aMonte Carlo method.
=650  \0$aSampling (Statistics)
=900  \\$aNK67285
=949  \\$zUAIN$zETHESIS

