=LDR  01104ntm  2200277I  4500
=001  uab70503291\
=003  AEU
=005  20140319134934.0
=006  m|||||o||d||||||||
=007  cr||||||||||||
=008  140319s1993\\\\xx\a\\\\obm\\\000\0\eng\d
=040  \\$aAEU$cAEU
=043  \\$anwxm---
=050  \4$aPE1128.A2$bS74 1993
=090  \\$aInternet Access$bAEU
=100  1\$aStewart, Harold.
=245  12$aA case study of a methods program in English as a second language in St. Vincent, West Indies$h[electronic resource] /$cby Harold Stewart.
=246  18$aStudy of ESL methods program in St. Vincent
=260  \\$cc1993.
=300  \\$a1 online resource ([ix], 232 leaves) :$bill.
=500  \\$aIn partial fulfilment of the requirements for the degree of Doctor of Philosophy. Department of Elementary Education.
=502  \\$aThesis (Ph. D.)--University of Alberta, 1993.
=504  \\$aIncludes bibliographical references.
=650  \0$aEnglish language$xStudy and teaching$zSaint Vincent and the Grenadines.
=710  2\$aUniversity of Alberta.$bDepartment of Elementary Education.
=900  \\$aNN88219
=949  \\$zUAIN$zETHESIS

