=LDR  01264ntm  2200313I  4500
=001  uab16019975\
=003  AEU
=005  20140319134934.0
=006  m|||||o||d||||||||
=007  cr||||||||||||
=008  140319s1983\\\\xx\a\\\\obm\\\000\0\eng\d
=040  \\$aAEU$cAEU
=050  \4$aBF319.5.P34$bS74 1983
=090  \\$aInternet Access$bAEU
=100  1\$aStefan, Larry,$d1956-
=245  10$aFacilitated within-compound learning as a function of US presentation in taste-aversion$h[electronic resource] /$cby Larry Stefan.
=260  \\$cc1983.
=300  \\$a1 online resource (viii, 38 p.) :$bill.
=500  \\$a"A thesis submitted to the Faculty of Graduate Studies and Research in partial fulfillment of the requirements for the Degree of Doctor of Philosophy, Department of Philosophy."
=502  \\$aThesis (Ph. D.)--University of Alberta, 1983.
=504  \\$aIncludes bibliographical references.
=590  \\$aScanned copy imperfect: ink blotches or scanning imperfections render some text unreadable.
=650  \0$aPaired-association learning.
=650  \0$aTaste.
=650  \0$aConditioned response.
=650  \0$aAversive stimuli.
=650  \0$aClassical conditioning.
=710  2\$aUniversity of Alberta.$bDepartment of Philosophy.
=900  \\$aNK67450
=949  \\$zUAIN$zETHESIS

