=LDR  01095ntm  2200277I  4500
=001  uab09195168
=003  AEU
=005  20140319134934.0
=006  m|||||o||d||||||||
=007  cr||||||||||||
=008  140319s1981\\\\xx\af\\\obm\\\000\0\eng\d
=040  \\$aAEU$cAEU
=050  \4$aRD688$b.J36 1981
=090  \\$aInternet Access$bAEU
=100  1\$aJames, David B.,$d1945-
=245  10$aManual soft tissue manipulation of traumatized skeletal rabbit muscle$h[electronic resource] /$cby David B. James.
=260  \\$cc1981.
=300  \\$a1 online resource (xiii, 55 p.) :$bill.
=500  \\$a"A thesis submitted to the Faculty of Graduate Studies and Research in partial fulfillment of the requirements for the Degree of Master of Science, Department of Physical Therapy."
=502  \\$aThesis (M. Sc.)--University of Alberta, 1981.
=504  \\$aIncludes bibliographical references.
=650  \0$aMuscles$xBlunt trauma.
=650  \0$aManipulation (Therapeutics)
=650  \0$aRabbits as laboratory animals.
=710  2\$aUniversity of Alberta.$bDepartment of Physical Therapy.
=900  \\$aMK51508
=949  \\$zUAIN$zETHESIS

