=LDR  01040ntm  2200265I  4500
=001  uab09195247
=003  AEU
=005  20140319134934.0
=006  m|||||o||d||||||||
=007  cr||||||||||||
=008  140319s1982\\\\xx\ad\\\obm\\\000\0\eng\d
=040  \\$aAEU$cAEU
=043  \\$an-cn-ab
=050  \4$aTX357$b.C65 1982
=090  \\$aInternet Access$bAEU
=100  1\$aColeman, Shirley Jean.
=245  10$aCorrelates of acceptability for selected foods among Edmonton householders$h[electronic resource] /$cby Shirley Jean Coleman.
=260  \\$cc1982.
=300  \\$a1 online resource (xii, 147 p.) :$bill.
=500  \\$a"A thesis submitted to the Faculty of Graduate Studies and Research in partial fulfillment of the requirements for the Degree of Master of Science in Foods, Home Economics."
=502  \\$aThesis (M. Sc.)--University of Alberta, 1982.
=504  \\$aIncludes bibliographical references.
=650  \0$aFood preferences$zAlberta$zEdmonton.
=710  2\$aUniversity of Alberta.$bFaculty of Home Economics.
=900  \\$aMK56848
=949  \\$zUAIN$zETHESIS

