=LDR  01146ntm  2200277I  4500
=001  uab09195296
=003  AEU
=005  20140319134934.0
=006  m|||||o||d||||||||
=007  cr||||||||||||
=008  140319s1982\\\\xx\df\\\obm\\\000\0\eng\d
=040  \\$aAEU$cAEU
=050  \4$aQP609.A4$bG35 1982
=090  \\$aInternet Access$bAEU
=100  1\$aGainer, Anita Lillian,$d1956-
=245  12$aA biochemical study of human leukocyte alkaline phosphatase$h[electronic resource] /$cby Anita Lillian Gainer.
=260  \\$cc1982.
=300  \\$a1 online resource (xiii, 99 p.) :$bill.
=500  \\$a"A thesis submitted to the Faculty of Graduate Studies and Research in partial fulfillment of the requirements for the Degree of Master of Science in Medical Laboratory Science, Department of Pathology."
=502  \\$aThesis (M. Sc.)--University of Alberta, 1982.
=504  \\$aIncludes bibliographical references.
=590  \\$aScanned copy imperfect: p. 22 duplicated at beginning.
=650  \0$aAlkaline phosphatase.
=650  \0$aLeucocytes.
=710  2\$aUniversity of Alberta.$bDepartment of Laboratory Medicine and Pathology.
=900  \\$aMK56863
=949  \\$zUAIN$zETHESIS

