=LDR  01170ntm  2200277I  4500
=001  uab09195301
=003  AEU
=005  20140319134934.0
=006  m|||||o||d||||||||
=007  cr||||||||||||
=008  140319s1982\\\\xx\df\\\obm\\\000\0\eng\d
=040  \\$aAEU$cAEU
=050  \4$aPE1074.7$b.I83 1982
=090  \\$aInternet Access$bAEU
=100  1\$aItagaki, Nobuya,$d1951-
=245  10$aContextual determinants of linguistic expressions$h[electronic resource] :$bpoint of view and given-new constraints in English /$cby Nobuya Itagaki.
=260  \\$cc1982.
=300  \\$a1 online resource (xii, 179 p.) :$bill.
=500  \\$a"A thesis submitted to the Faculty of Graduate Studies and Research in partial fulfillment of the requirements for the Degree of Master of Science in Psycholinguistics, Department of Linguistics."
=502  \\$aThesis (M. Sc.)--University of Alberta, 1982.
=504  \\$aIncludes bibliographical references.
=650  \0$aEnglish language$xVariation.
=650  \0$aEnglish language$xPrepositions$xVariation.
=650  \0$aEnglish language$xSyntax$xVariation.
=710  2\$aUniversity of Alberta.$bDepartment of Linguistics.
=900  \\$aMK56866
=949  \\$zUAIN$zETHESIS

