=LDR  01045ntm  2200253I  4500
=001  uab09195316
=003  AEU
=005  20140319134934.0
=006  m|||||o||d||||||||
=007  cr||||||||||||
=008  140319s1982\\\\xx\adf\\obm\\\000\0\eng\d
=040  \\$aAEU$cAEU
=050  \4$aQK495.P85$bH84 1982
=090  \\$aInternet Access$bAEU
=100  1\$aHuebert, David B.$q(David Bryan),$d1957-
=245  10$aBiphasic mineral nutrition of the submerged aquatic macrophyte Potamogeton pectinatus L.$h[electronic resource] /$cby David B. Huebert.
=260  \\$cc1982.
=300  \\$a1 online resource (x, 59 p.) :$bill.
=500  \\$a"A thesis submitted to the Faculty of Graduate Studies and Research in partial fulfillment of the requirements for the Degree of Master of Science in Plant Physiology, Department of Botany."
=502  \\$aThesis (M. Sc.)--University of Alberta, 1982.
=504  \\$aIncludes bibliographical references.
=650  \0$aSago pondweed$xNutrition.
=710  2\$aUniversity of Alberta.$bDepartment of Botany.
=900  \\$aMK56874
=949  \\$zUAIN$zETHESIS

