=LDR  01050ntm  2200253I  4500
=001  uab09195321
=003  AEU
=005  20140319134934.0
=006  m|||||o||d||||||||
=007  cr||||||||||||
=008  140319s1982\\\\xx\df\\\obm\\\000\0\eng\d
=040  \\$aAEU$cAEU
=050  \4$aRC694$b.W49 1982
=090  \\$aInternet Access$bAEU
=100  1\$aWhyte, Linda J.$q(Linda Janet),$d1954-
=245  10$aEffects of dietary manipulation on patients with peripheral vascular disease$h[electronic resource] /$cby Linda J. Whyte.
=260  \\$cc1982.
=300  \\$a1 online resource (xiv, 171 p.) :$bill.
=500  \\$a"A thesis submitted to the Faculty of Graduate Studies and Research in partial fulfillment of the requirements for the Degree of Master of Science in Nutrition, Faculty of Home Economics."
=502  \\$aThesis (M. Sc.)--University of Alberta, 1982.
=504  \\$aIncludes bibliographical references.
=650  \0$aPeripheral vascular diseases$xDiet therapy.
=710  2\$aUniversity of Alberta.$bFaculty of Home Economics.
=900  \\$aMK56876
=949  \\$zUAIN$zETHESIS

