=LDR  01120ntm  2200277I  4500
=001  uab09195326
=003  AEU
=005  20140319134934.0
=006  m|||||o||d||||||||
=007  cr||||||||||||
=008  140319s1982\\\\xx\adf\\obm\\\000\0\eng\d
=040  \\$aAEU$cAEU
=050  \4$aQR148$b.P57 1982
=090  \\$aInternet Access$bAEU
=100  1\$aPippus, Kenneth Gordon,$d1955-
=245  10$aPharmacological manipulation of the tissue distribution of Arabinosyladenine 5'-monophosphate in the mouse$h[electronic resource] /$cby Kenneth Gordon Pippus.
=260  \\$cc1982.
=300  \\$a1 online resource ([1], xiii, 98 p.) :$bill.
=500  \\$a"A thesis submitted to the Faculty of Graduate Studies and Research in partial fulfillment of the requirements for the Degree of Master of Science, Department of Pharmacology."
=502  \\$aThesis (M. Sc.)--University of Alberta, 1982.
=504  \\$aIncludes bibliographical references.
=650  \0$aMicrobiological chemistry.
=650  \0$aPharmacology.
=650  \0$aMice$xPhysiology.
=710  2\$aUniversity of Alberta.$bDepartment of Pharmacology.
=900  \\$aMK56887
=949  \\$zUAIN$zETHESIS

