=LDR  01023ntm  2200265I  4500
=001  uab09195345
=003  AEU
=005  20140319134934.0
=006  m|||||o||d||||||||
=007  cr||||||||||||
=008  140319s1982\\\\xx\bdf\\obm\\\000\0\eng\d
=040  \\$aAEU$cAEU
=050  \4$aS592.147$b.M33 1982
=090  \\$aInternet Access$bAEU
=100  1\$aMacMillan, Robert A.,$d1950-
=245  10$aQuantification of soil property and map unit variability$h[electronic resource] /$cby Robert A. MacMillan.
=260  \\$cc1982.
=300  \\$a1 online resource (xiii, 222 p.) :$bill., map
=500  \\$a"A thesis submitted to the Faculty of Graduate Studies and Research in partial fulfillment of the requirements for the Degree of Master of Science, Department of Soil Science."
=502  \\$aThesis (M. Sc.)--University of Alberta, 1982.
=504  \\$aIncludes bibliographical references.
=650  \0$aSoil surveys.
=650  \0$aSoil mapping.
=710  2\$aUniversity of Alberta.$bDepartment of Soil Science.
=900  \\$aMK56891
=949  \\$zUAIN$zETHESIS

