=LDR  01109ntm  2200277I  4500
=001  uab09195353
=003  AEU
=005  20140319134934.0
=006  m|||||o||d||||||||
=007  cr||||||||||||
=008  140319s1982\\\\xx\af\\\obm\\\000\0\eng\d
=040  \\$aAEU$cAEU
=050  \4$aG70.212$b.N67 1982
=090  \\$aInternet Access$bAEU
=100  1\$aNortey, Michael Seth,$d1948-
=245  10$aPoint-in-polygon algorithms for geographic information systems$h[electronic resource] /$cby Michael Seth Nortey.
=260  \\$cc1982.
=300  \\$a1 online resource (ix, 95 p.) :$bill.
=500  \\$a"A thesis submitted to the Faculty of Graduate Studies and Research in partial fulfillment of the requirements for the Degree of Master of Science, Department of Computing Science."
=502  \\$aThesis (M. Sc.)--University of Alberta, 1982.
=504  \\$aIncludes bibliographical references.
=650  \0$aGeographic information systems.
=650  \0$aGeographic information systems$xData processing.
=650  \0$aPolygons.
=710  2\$aUniversity of Alberta.$bDepartment of Computing Science.
=900  \\$aMK56894
=949  \\$zUAIN$zETHESIS

