=LDR  01076ntm  2200277I  4500
=001  uab09195358
=003  AEU
=005  20140319134934.0
=006  m|||||o||d||||||||
=007  cr||||||||||||
=008  140319s1982\\\\xx\abf\\obm\\\000\0\eng\d
=040  \\$aAEU$cAEU
=043  \\$an-cn-yk
=050  \4$aSD146.Y8$bM67 1982
=090  \\$aInternet Access$bAEU
=100  1\$aMorgan, David J.$q(David John),$d1942-
=245  13$aAn evaluation of large-scale photo plots for conducting a forest inventory in Yukon$h[electronic resource] /$cby David J. Morgan.
=260  \\$cc1982.
=300  \\$a1 online resource (xii, 71 p.) :$bill., maps
=500  \\$a"A thesis submitted to the Faculty of Graduate Studies and Research in partial fulfillment of the requirements for the Degree of Master of Science in Forest Science."
=502  \\$aThesis (M. Sc.)--University of Alberta, 1982.
=504  \\$aIncludes bibliographical references.
=650  \0$aForest management$zYukon.
=650  \0$aForest surveys$zYukon.
=949  \\$zUAIN$zETHESIS
=900  \\$aMK56899
=987  \\$amissing$b710$dNo department specified.

