=LDR  01215ntm  2200289I  4500
=001  uab09195362
=003  AEU
=005  20140319134934.0
=006  m|||||o||d||||||||
=007  cr||||||||||||
=008  140319s1982\\\\xx\\\\\\obm\\\000\0\eng\d
=040  \\$aAEU$cAEU
=043  \\$an-cn-ab
=050  \4$aPN2306.E36$bL48 1982
=090  \\$aInternet Access$bAEU
=100  1\$aLevental, I.$q(Igor),$d1955-
=245  10$aExploring audience development for live theatre$h[electronic resource] :$bthe case of the university environment /$cby I. Levental.
=260  \\$cc1982.
=300  \\$a1 online resource (xiii, 135 p.)
=500  \\$a"A thesis submitted to the Faculty of Graduate Studies and Research in partial fulfillment of the requirements for the Degree of Master of Business Administration, Department of Marketing and Economic Analysis."
=502  \\$aThesis (M.B.A.)--University of Alberta, 1982.
=504  \\$aIncludes bibliographical references.
=650  \0$aTheater audiences$zAlberta$zEdmonton.
=650  \0$aPerforming arts$xAudiences$zAlberta$zEdmonton.
=650  \0$aTheater$zAlberta$zEdmonton.
=710  2\$aUniversity of Alberta.$bDepartment of Marketing and Economic Analysis.
=900  \\$aMK56915
=949  \\$zUAIN$zETHESIS

