=LDR  00919ntm  2200253I  4500
=001  uab09195623
=003  AEU
=005  20140319134934.0
=006  m|||||o||d||||||||
=007  cr||||||||||||
=008  140319s1982\\\\xx\fg\\\obm\\\000\0\eng\d
=040  \\$aAEU$cAEU
=050  \4$aM1001.D47$bS96 1982
=090  \\$aInternet Access$bAEU
=100  1\$aDerfler, Carl,$d1950-
=245  10$aSymphony # 1$h[electronic resource] /$cby Carl L. Derfler.
=260  \\$cc1982.
=300  \\$a1 online resource (lxviii, 179 p.) :$bmusic
=500  \\$a"A thesis submitted to the Faculty of Graduate Studies and Research in partial fulfillment of the requirements for the Degree of Master of Music, Department of Music."
=502  \\$aThesis (M. Mus.)--University of Alberta, 1982.
=504  \\$aIncludes bibliographical references.
=650  \0$aSymphonies.
=710  2\$aUniversity of Alberta.$bDepartment of Music.
=900  \\$aMK56919
=949  \\$zUAIN$zETHESIS

