=LDR  01050ntm  2200265I  4500
=001  uab09195649
=003  AEU
=005  20140319134934.0
=006  m|||||o||d||||||||
=007  cr||||||||||||
=008  140319s1982\\\\xx\adf\\obm\\\000\0\eng\d
=040  \\$aAEU$cAEU
=050  \4$aQK753.H45$bB47 1982
=090  \\$aInternet Access$bAEU
=100  1\$aBestman, Hendrik D.$q(Hendrik Dirk),$d1950-
=245  10$aChlorsulfuron$h[electronic resource] :$bagronomic evaluation and physiological investigation /$cby Hendrik D. Bestman.
=260  \\$cc1982.
=300  \\$a1 online resource (xiv, 129 p.) :$bill.
=500  \\$a"A thesis submitted to the Faculty of Graduate Studies and Research in partial fulfillment of the requirements for the Degree of Master of Science in Weed Science, Plant Science."
=502  \\$aThesis (M. Sc.)--University of Alberta, 1982.
=504  \\$aIncludes bibliographical references.
=650  \0$aPlants$xEffect of herbicides on.
=650  \0$aBuckwheat.
=900 \\\$aMK56930
=949  \\$zUAIN$zETHESIS
=987  \\$amissing$b710$dNo department specified.

