=LDR  01021ntm  2200265I  4500
=001  uab09195767
=003  AEU
=005  20140319134934.0
=006  m|||||o||d||||||||
=007  cr||||||||||||
=008  140319s1982\\\\xx\adf\\obm\\\000\0\eng\d
=040  \\$aAEU$cAEU
=050  \4$aGA108.7$b.B87 1982
=090  \\$aInternet Access$bAEU
=100  1\$aBurt, Kirsty Janet,$d1957-
=245  10$aOptimizing the tradeoff between accuracy and cartographic communication for choropleth maps$h[electronic resource] /$cby Kirsty Janet Burt.
=260  \\$cc1982.
=300  \\$a1 online resource (xiii, 126 p.) :$bill.
=500  \\$a"A thesis submitted to the Faculty of Graduate Studies and Research in partial fulfillment of the requirements for the Degree of Master of Arts, Geography."
=502  \\$aThesis (M.A.)--University of Alberta, 1982.
=504  \\$aIncludes bibliographical references.
=650  \0$aCartography.
=650  \0$aMap reading.
=710  2\$aUniversity of Alberta.$bDepartment of Geography.
=900  \\$aMK56950
=949  \\$zUAIN$zETHESIS

