=LDR  01168ntm  2200277I  4500
=001  uab09196226
=003  AEU
=005  20140319134934.0
=006  m|||||o||d||||||||
=007  cr||||||||||||
=008  140319s1982\\\\xx\adf\\obm\\\000\0\eng\d
=040  \\$aAEU$cAEU
=050  \4$aQC661$b.G37 1982
=090  \\$aInternet Access$bAEU
=100  1\$aGardiner, Donald,$d1957-
=245  10$aElectric and magnetic field solution for a sheath helix surrounding a lossy coaxial rod, with applications to electromagnetic heating$h[electronic resource] /$cby Donald Gardiner.
=260  \\$cc1982.
=300  \\$a1 online resource (xxix, 432 p.) :$bill.
=500  \\$a"A thesis submitted to the Faculty of Graduate Studies and Research in partial fulfillment of the requirements for the Degree of Master of Science, Department of Electrical Engineering."
=502  \\$aThesis (M. Sc.)--University of Alberta, 1982.
=504  \\$aIncludes bibliographical references.
=650  \0$aElectromagnetic waves.
=650  \0$aHelices (Algebraic topology)
=650  \0$aElectromagnetic theory.
=710  2\$aUniversity of Alberta.$bDepartment of Electrical Engineering.
=900  \\$aMK60235
=949  \\$zUAIN$zETHESIS

