=LDR  01079ntm  2200265I  4500
=001  uab09196242
=003  AEU
=005  20140319134934.0
=006  m|||||o||d||||||||
=007  cr||||||||||||
=008  140319s1982\\\\xx\adf\\obm\\\001\0\eng\d
=040  \\$aAEU$cAEU
=050  \4$aQA76.58$b.G87 1982
=090  \\$aInternet Access$bAEU
=100  1\$aGupta, Atul,$d1959-
=245  10$aPartitioning and assignment of programs for distributed systems$h[electronic resource] /$cby Atul Gupta.
=260  \\$cc1982.
=300  \\$a1 online resource (x, 97 p.) :$bill.
=500  \\$a"A thesis submitted to the Faculty of Graduate Studies and Research in partial fulfillment of the requirements for the Degree of Master of Science, Department of Computing Science."
=502  \\$aThesis (M. Sc.)--University of Alberta, 1982.
=504  \\$aIncludes bibliographical references and index.
=650  \0$aParallel processing (Electronic computers)
=650  \0$aDistributed operating systems (Computers)
=710  2\$aUniversity of Alberta.$bDepartment of Computing Science.
=900  \\$aMK60238
=949  \\$zUAIN$zETHESIS

