=LDR  01162ntm  2200277I  4500
=001  uab09196279
=003  AEU
=005  20140319134934.0
=006  m|||||o||d||||||||
=007  cr||||||||||||
=008  140319s1982\\\\xx\adf\\obm\\\000\0\eng\d
=040  \\$aAEU$cAEU
=050  \4$aTS875$b.G73 1982
=090  \\$aInternet Access$bAEU
=100  1\$aGrabowski, T. I. J.$q(Thomas Ignacy John),$d1958-
=245  13$aAn optimization model for waferboard production$h[electronic resource] /$cby T.I.J. Grabowski.
=260  \\$cc1982.
=300  \\$a1 online resource (xi, 118 p.) :$bill.
=500  \\$a"A thesis submitted to the Faculty of Graduate Studies and Research in partial fulfillment of the requirements for the Degree of Master of Business Administration, Faculty of Business Administration and Commerce."
=502  \\$aThesis (M.B.A.)--University of Alberta, 1982.
=504  \\$aIncludes bibliographical references.
=590  \\$aScanned copy imperfect: "Poor Copy" stamped on several pages.
=650  \0$aWaferboard.
=650  \0$aProduction control.
=710  2\$aUniversity of Alberta.$bFaculty of Business Administration and Commerce.
=900  \\$aMK60246
=949  \\$zUAIN$zETHESIS

