=LDR  01064ntm  2200265I  4500
=001  uab09196290
=003  AEU
=005  20140319134934.0
=006  m|||||o||d||||||||
=007  cr||||||||||||
=008  140319s1982\\\\xx\adf\\obm\\\000\0\eng\d
=040  \\$aAEU$cAEU
=050  \4$aRM666.R23$bG37 1982
=090  \\$aInternet Access$bAEU
=100  1\$aGarrecht, Bonnie,$d1956-
=245  10$a[superscript 14]C-Misonidazole biodistribution in BALB/C mice bearing EMT-6 tumors$h[electronic resource] /$cby Bonnie Garrecht.
=260  \\$cc1982.
=300  \\$a1 online resource (xii, 83 p.) :$bill.
=500  \\$a"A thesis submitted to the Faculty of Graduate Studies and Research in partial fulfillment of the requirements for the Degree of Master of Science in Experimental Radiology, Department of Radiology."
=502  \\$aThesis (M. Sc.)--University of Alberta, 1982.
=504  \\$aIncludes bibliographical references.
=650  \0$aRadiation-sensitizing agents.
=650  \0$aTumors.
=710  2\$aUniversity of Alberta.$bDepartment of Radiology.
=900  \\$aMK60247
=949  \\$zUAIN$zETHESIS

