=LDR  01283ntm  2200301I  4500
=001  uab09196305
=003  AEU
=005  20140319134934.0
=006  m|||||o||d||||||||
=007  cr||||||||||||
=008  140319s1982\\\\xx\a\\\\obm\\\000\0\eng\d
=040  \\$aAEU$cAEU
=043  \\$an-cn---
=050  \4$aPG3814.7$b.W96 1982
=090  \\$aInternet Access$bAEU
=100  1\$aWynnyckyj, Oksana Anastazia,$d1957-
=245  12$aA frequency analysis of Canadian children's spoken Ukrainian$h[electronic resource] /$cby Oksana Anastazia Wynnyckyj.
=260  \\$cc1982.
=300  \\$a1 online resource ([1], xiii, 213 p.) :$bill.
=500  \\$a"A thesis submitted to the Faculty of Graduate Studies and Research in partial fulfillment of the requirements for the Degree of Master of Arts in Slavic Linguistics, Department of Slavic and East European Studies."
=500  \\$aIncludes questionnaires and survey tests in Ukrainian.
=502  \\$aThesis (M.A.)--University of Alberta, 1982.
=504  \\$aIncludes bibliographical references.
=650  \0$aUkrainian language$xSpoken Ukrainian$zCanada.
=650  \0$aUkrainian language$xWord frequency.
=650  \0$aChildren$xLanguage.
=710  2\$aUniversity of Alberta.$bDepartment of Slavic and East European Studies.
=900  \\$aMK60248
=949  \\$zUAIN$zETHESIS

