=LDR  01168ntm  2200277I  4500
=001  uab09196317
=003  AEU
=005  20140319134934.0
=006  m|||||o||d||||||||
=007  cr||||||||||||
=008  140319s1982\\\\xx\\\\\\obm\\\000\0\eng\d
=040  \\$aAEU$cAEU
=050  \4$aPG3948.S9$bL5834 1982
=090  \\$aInternet Access$bAEU
=100  1\$aHohol', Demjan,$d1956-
=245  10$aFolkloric elements in Anatol' Svydnyc'kyj's Ljuborac{acute}ki$h[electronic resource] /$cby Demjan Hohol.
=260  \\$cc1982.
=300  \\$a1 online resource (vii, 163 p.)
=500  \\$a"A thesis submitted to the Faculty of Graduate Studies and Research in partial fulfillment of the requirements for the Degree of Master of Arts in Ukrainian Folklore, Department of Slavic and East European Studies."
=500  \\$aIncludes vita.
=502  \\$aThesis (M.A.)--University of Alberta, 1982.
=504  \\$aIncludes bibliographical references.
=600  10$aSvydny{llig}t{rlig}s{softsign}ky{breve}i, Anatol{softsign},$d1834-1871.$tL{llig}i{rlig}ubora{llig}t{rlig}s{acute}ki$xCriticism and interpretation.
=650  \0$aFolklore in literature.
=710  2\$aUniversity of Alberta.$bDepartment of Slavic and East European Studies.
=900  \\$aMK60250
=949  \\$zUAIN$zETHESIS

