=LDR  01079ntm  2200265I  4500
=001  uab09196339
=003  AEU
=005  20140319134934.0
=006  m|||||o||d||||||||
=007  cr||||||||||||
=008  140319s1982\\\\xx\bf\\\obm\\\000\0\eng\d
=040  \\$aAEU$cAEU
=043  \\$an-cn-ab
=050  \4$aJS1742.3.A8$bH38 1982
=090  \\$aInternet Access$bAEU
=100  1\$aHatfield, Randall,$d1956-
=245  14$aThe metropolitan development of Edmonton$h[electronic resource] :$bthe city, the province and the strategy of neglect /$cby Randall Hatfield.
=260  \\$cc1982.
=300  \\$a1 online resource (vi, <98 p.>) :$bmaps
=500  \\$a"A thesis submitted to the Faculty of Graduate Studies and Research in partial fulfillment of the requirements for the Degree of Master of Arts, Department of Political Science."
=502  \\$aThesis (M.A.)--University of Alberta, 1982.
=504  \\$aIncludes bibliographical references.
=651  \0$aEdmonton (Alta.)$xPolitics and government.
=710  2\$aUniversity of Alberta.$bDepartment of Political Science.
=900  \\$aMK60252
=949  \\$zUAIN$zETHESIS

