=LDR  01078ntm  2200265I  4500
=001  uab09196368
=003  AEU
=005  20140319134934.0
=006  m|||||o||d||||||||
=007  cr||||||||||||
=008  140319s1982\\\\xx\adf\\obm\\\000\0\eng\d
=040  \\$aAEU$cAEU
=050  \4$aQP363$b.K46 1982
=090  \\$aInternet Access$bAEU
=100  1\$aKendal, W. S.$q(Wayne S.),$d1953-
=245  10$aOscillatory motion of intraaxonal organelles following inhibition of their rapid transport$h[electronic resource] /$cby W.S. Kendal.
=260  \\$cc1982.
=300  \\$a1 online resource (xiii, 159 p.) :$bill.
=500  \\$a"A thesis submitted to the Faculty of Graduate Studies and Research in partial fulfillment of the requirements for the Degree of Master of Science in Experimental Surgery, Department of Surgery."
=502  \\$aThesis (M. Sc.)--University of Alberta, 1982.
=504  \\$aIncludes bibliographical references.
=650  \0$aAxonal transport.
=650  \0$aCell organelles$xMovements.
=710  2\$aUniversity of Alberta.$bDepartment of Surgery.
=900  \\$aMK60262
=949  \\$zUAIN$zETHESIS

