=LDR  01061ntm  2200265I  4500
=001  uab09196448
=003  AEU
=005  20140319134934.0
=006  m|||||o||d||||||||
=007  cr||||||||||||
=008  140319s1982\\\\xx\\\\\\obm\\\000\0\eng\d
=040  \\$aAEU$cAEU
=050  \4$aBL802$b.H39 1982
=090  \\$aInternet Access$bAEU
=100  1\$aHawryluk, Constance Shirley,$d1953-
=245  10$aRoman religious practice and belief in Plautus$h[electronic resource] /$cby Constance Shirley Hawryluk.
=260  \\$cc1982.
=300  \\$a1 online resource (viii, 124 p.)
=500  \\$a"A thesis submitted to the Faculty of Graduate Studies and Research in partial fulfillment of the requirements for the Degree of Master of Arts in Classics, Department of Classics."
=502  \\$aThesis (M.A.)--University of Alberta, 1982.
=504  \\$aIncludes bibliographical references.
=600  10$aPiatti, Girolamo,$d1545-1591$xReligion.
=650  \0$aRome$xReligion$xHistory$x16th century.
=710  2\$aUniversity of Alberta.$bDepartment of Classics.
=900  \\$aMK60291
=949  \\$zUAIN$zETHESIS

