=LDR  01070ntm  2200265I  4500
=001  uab09196461
=003  AEU
=005  20140319134934.0
=006  m|||||o||d||||||||
=007  cr||||||||||||
=008  140319s1982\\\\xx\adf\\obm\\\000\0\eng\d
=040  \\$aAEU$cAEU
=050  \4$aTJ935$b.H55 1982
=090  \\$aInternet Access$bAEU
=100  1\$aHildebrandt, James Gordon,$d1958-
=245  10$aFinite element modelling of fluid motion and damped acoustic waves in pipes$h[electronic resource] /$cby James Gordon Hildebrandt.
=260  \\$cc1982.
=300  \\$a1 online resource (xiv, 161 p.) :$bill.
=500  \\$a"A thesis submitted to the Faculty of Graduate Studies and Research in partial fulfillment of the requirements for the Degree of Master of Science, Mechanical Engineering."
=502  \\$aThesis (M. Sc.)--University of Alberta, 1982.
=504  \\$aIncludes bibliographical references.
=650  \0$aPipe$xFluid dynamics.
=650  \0$aPipe$xAcoustic properties.
=710  2\$aUniversity of Alberta.$bDepartment of Mechanical Engineering.
=900  \\$aMK60293
=949  \\$zUAIN$zETHESIS

