=LDR  01063ntm  2200289I  4500
=001  uab09196468
=003  AEU
=005  20140319134934.0
=006  m|||||o||d||||||||
=007  cr||||||||||||
=008  140319s1982\\\\xx\\\\\\obms\\000\0\eng\d
=040  \\$aAEU$cAEU
=043  \\$an-cn-ab
=050  \4$aHB1323.S82$bC24 1982
=090  \\$aInternet Access$bAEU
=100  1\$aHickey, Eric Wakem.
=245  10$aSuicide and marital status in Alberta, 1968-1973$h[electronic resource] /$cby Eric Wakem Hickey.
=260  \\$cc1982.
=300  \\$a1 online resource (xii, 81 p.)
=500  \\$a"A thesis submitted to the Faculty of Graduate Studies and Research in partial fulfillment of the requirements for the Degree of Master of Arts, Department of Sociology."
=502  \\$aThesis (M.A.)--University of Alberta, 1982.
=504  \\$aIncludes bibliographical references.
=650  \0$aSuicide$vStatistics.
=650  \0$aMarriage$xPsychological aspects.
=650  \0$aSuicide$zAlberta.
=710  2\$aUniversity of Alberta.$bDepartment of Sociology.
=900  \\$aMK60294
=949  \\$zUAIN$zETHESIS

