=LDR  01118ntm  2200289I  4500
=001  uab09196473
=003  AEU
=005  20140319134934.0
=006  m|||||o||d||||||||
=007  cr||||||||||||
=008  140319s1982\\\\xx\\\\\\obm\\\000\0\eng\d
=040  \\$aAEU$cAEU
=043  \\$an-cn-sn
=050  \4$aRA771.7.C2$bG67 1982
=090  \\$aInternet Access$bAEU
=100  1\$aGormley, Michael,$d1955-
=245  10$aMigration decisions of rural physicians, Saskatchewan, 1978-79$h[electronic resource] /$cby Michael A. Gormley.
=260  \\$cc1982.
=300  \\$a1 online resource (xii, 119, [1] p.)
=500  \\$a"A thesis submitted to the Faculty of Graduate Studies and Research in partial fulfillment of the requirements for the Degree of Master of Arts, Department of Economics."
=502  \\$aThesis (M.A.)--University of Alberta, 1982.
=504  \\$aIncludes bibliographical references.
=650  \0$aRural health services$xEmployees.
=650  \0$aLabor mobility$zSaskatchewan.
=650  \0$aUrban-rural migration$zSaskatchewan.
=710  2\$aUniversity of Alberta.$bDepartment of Economics.
=900  \\$aMK60295
=949  \\$zUAIN$zETHESIS

