=LDR  01133ntm  2200277I  4500
=001  uab09196540
=003  AEU
=005  20140319134934.0
=006  m|||||o||d||||||||
=007  cr||||||||||||
=008  140319s1982\\\\xx\adf\\obm\\\000\0\eng\d
=040  \\$aAEU$cAEU
=050  \4$aQA372$b.J38 1982
=090  \\$aInternet Access$bAEU
=100  1\$aJatzeck, Bernhard Michael,$d1955-
=245  10$aNumerical solution of some second-order differential equations$h[electronic resource] /$cby Bernhard Michael Jatzeck.
=260  \\$cc1982.
=300  \\$a1 online resource (xx, 248 p.) :$bill.
=500  \\$a"A thesis submitted to the Faculty of Graduate Studies and Research in partial fulfillment of the requirements for the Degree of Master of Science, Mechanical Engineering."
=500  \\$aVita.
=502  \\$aThesis (M. Sc.)--University of Alberta, 1982.
=504  \\$aIncludes bibliographical references.
=590  \\$aScanned copy imperfect: "Poor Copy" stamped on p. 207-246.
=650  \0$aDifferential equations$xNumerical solutions.
=710  2\$aUniversity of Alberta.$bDepartment of Mechanical Engineering.
=900  \\$aMK60324
=949  \\$zUAIN$zETHESIS

