=LDR  00984ntm  2200253I  4500
=001  uab09196559
=003  AEU
=005  20140319134934.0
=006  m|||||o||d||||||||
=007  cr||||||||||||
=008  140319s1982\\\\xx\af\\\obm\\\000\0\eng\d
=040  \\$aAEU$cAEU
=050  \4$aQC174.45$b.L43 1982
=090  \\$aInternet Access$bAEU
=100  1\$aLeblanc, Yvan,$d1957-
=245  10$aOn extended objects and their quantum numbers in Quantum Field Theory$h[electronic resource] /$cby Yvan Leblanc.
=260  \\$cc1982.
=300  \\$a1 online resource (viii, 79 p.) :$bill.
=500  \\$a"A thesis submitted to the Faculty of Graduate Studies and Research in partial fulfillment of the requirements for the Degree of Master of Science, Department of Physics."
=502  \\$aThesis (M. Sc.)--University of Alberta, 1982.
=504  \\$aIncludes bibliographical references.
=650  \0$aQuantum field theory.
=710  2\$aUniversity of Alberta.$bDepartment of Physics.
=900  \\$aMK60327
=949  \\$zUAIN$zETHESIS

