=LDR  01150ntm  2200289I  4500
=001  uab09196573
=003  AEU
=005  20140319134934.0
=006  m|||||o||d||||||||
=007  cr||||||||||||
=008  140319s1982\\\\xx\abdf\obms\\000\0\eng\d
=040  \\$aAEU$cAEU
=043  \\$an-cn-ab
=050  \4$aTN871.2$b.F67 1982
=090  \\$aInternet Access$bAEU
=100  1\$aFordjor, Christian Kwaku,$d1952-
=245  12$aA statistical study of breakouts in oil-wells in Alberta$h[electronic resource] /$cby Christian Kwaku Fordjor.
=260  \\$cc1982.
=300  \\$a1 online resource (xi, 112 p.) :$bill., maps
=500  \\$a"A thesis submitted to the Faculty of Graduate Studies and Research in partial fulfillment of the requirements for the Degree of Master of Science in Geophysics, Department of Physics."
=502  \\$aThesis (M. Sc.)--University of Alberta, 1982.
=504  \\$aIncludes bibliographical references.
=590  \\$aScanned copy imperfect: "Poor Copy" stamped on several pages.
=650  \0$aOil wells$zAlberta.
=650  \0$aOil wells$vStatistics.
=710  2\$aUniversity of Alberta.$bDepartment of Physics.
=900  \\$aMK60328
=949  \\$zUAIN$zETHESIS

