=LDR  01027ntm  2200277I  4500
=001  uab09196974
=003  AEU
=005  20140319134934.0
=006  m|||||o||d||||||||
=007  cr||||||||||||
=008  140319s1982\\\\xx\\\\\\obm\\\000\0\eng\d
=040  \\$aAEU$cAEU
=050  \4$aBF575.I5$bC37 1982
=090  \\$aInternet Access$bAEU
=100  1\$aCarter, John D.,$d1952-
=245  10$aIntimacy in cocktail lounges$h[electronic resource] /$cby John D. Carter.
=260  \\$cc1982.
=300  \\$a1 online resource (viii, 57 p.)
=500  \\$a"A thesis submitted to the Faculty of Graduate Studies and Research in partial fulfillment of the requirements for the Degree of Master of Arts, Department of Sociology."
=502  \\$aThesis (M.A.)--University of Alberta, 1982.
=504  \\$aIncludes bibliographical references.
=650  \0$aIntimacy (Psychology)
=650  \0$aDrinking of alcoholic beverages.
=650  \0$aInterpersonal relations.
=710  2\$aUniversity of Alberta.$bDepartment of Sociology.
=900  \\$aMK60340
=949  \\$zUAIN$zETHESIS

