=LDR  00989ntm  2200265I  4500
=001  uab09196980
=003  AEU
=005  20140319134934.0
=006  m|||||o||d||||||||
=007  cr||||||||||||
=008  140319s1982\\\\xx\adf\\obm\\\000\0\eng\d
=040  \\$aAEU$cAEU
=050  \4$aQP572.S7$bD66 1982
=090  \\$aInternet Access$bAEU
=100  1\$aDonnelly, Bryan John.
=245  10$aSteroid receptors in human prostate$h[electronic resource] /$cby Bryan John Donnelly.
=260  \\$cc1982.
=300  \\$a1 online resource (xii, 120 p.) :$bill.
=500  \\$a"A thesis submitted to the Faculty of Graduate Studies and Research in partial fulfillment of the requirements for the Degree of Master of Science, Department of Surgery."
=502  \\$aThesis (M. Sc.)--University of Alberta, 1982.
=504  \\$aIncludes bibliographical references.
=650  \0$aSteroid hormones$xReceptors.
=650  \0$aProstate.
=710  2\$aUniversity of Alberta.$bDepartment of Surgery.
=900  \\$aMK60344
=949  \\$zUAIN$zETHESIS

