=LDR  01029ntm  2200265I  4500
=001  uab09197000
=003  AEU
=005  20140319134934.0
=006  m|||||o||d||||||||
=007  cr||||||||||||
=008  140319s1982\\\\xx\df\\\obm\\\000\0\eng\d
=040  \\$aAEU$cAEU
=050  \4$aHB2583$b.C46 1982
=090  \\$aInternet Access$bAEU
=100  1\$aChow, Rita Foon Nui.
=245  10$aModel working life tables$h[electronic resource] :$btheory and applications /$cby Rita Foon Nui Chow.
=260  \\$cc1982.
=300  \\$a1 online resource (xi, 150 p.) :$bill.
=500  \\$a"A thesis submitted to the Faculty of Graduate Studies and Research in partial fulfillment of the requirements for the Degree of Master of Arts in Demography, Department of Sociology."
=502  \\$aThesis (M.A.)--University of Alberta, 1982.
=504  \\$aIncludes bibliographical references.
=650  \0$aLife span, Productive$vTables.
=650  \0$aLabor supply$vTables.
=710  2\$aUniversity of Alberta.$bDepartment of Sociology.
=900  \\$aMK60361
=949  \\$zUAIN$zETHESIS

