=LDR  01180ntm  2200301I  4500
=001  uab09197016
=003  AEU
=005  20140319134934.0
=006  m|||||o||d||||||||
=007  cr||||||||||||
=008  140319s1982\\\\xx\adf\\obm\\\000\0\eng\d
=040  \\$aAEU$cAEU
=050  \4$aQL537.S55$bB37 1982
=090  \\$aInternet Access$bAEU
=100  1\$aBarr, W. B.$q(William Brian),$d1953-
=245  10$aAttachment and silk of larvae of Simulium vittatum Zetterstedt (Diptera: Simuliidae)$h[electronic resource] /$cby W.B. Barr.
=260  \\$cc1982.
=300  \\$a1 online resource (xxi, 170 p.) :$bill.
=500  \\$a"A thesis submitted to the Faculty of Graduate Studies and Research in partial fulfillment of the requirements for the Degree of Master of Science, Department of Entomology."
=500  \\$aVita.
=502  \\$aThesis (M. Sc.)--University of Alberta, 1982.
=504  \\$aIncludes bibliographical references.
=590  \\$aScanned copy imperfect: "Fine Print" stamped on several pages.
=650  \0$aSimulium$xLarvae.
=650  \0$aSimulium$xLarvae$xDefenses.
=650  \0$aSilk.
=710  2\$aUniversity of Alberta.$bDepartment of Entomology.
=900  \\$aMK60370
=949  \\$zUAIN$zETHESIS

