=LDR  01023ntm  2200265I  4500
=001  uab09197019
=003  AEU
=005  20140319134934.0
=006  m|||||o||d||||||||
=007  cr||||||||||||
=008  140319s1982\\\\xx\\\\\\obm\\\000\0\eng\d
=040  \\$aAEU$cAEU
=050  \4$aPR2819$b.B35 1982
=090  \\$aInternet Access$bAEU
=100  1\$aBailey, Michael,$d1956-
=245  10$aEvil as privation in King Lear$h[electronic resource] /$cby Michael Bailey.
=260  \\$cc1982.
=300  \\$a1 online resource (ix, 101 p.)
=500  \\$a"A thesis submitted to the Faculty of Graduate Studies and Research in partial fulfillment of the requirements for the Degree of Master of Arts, Department of English."
=502  \\$aThesis (M.A.)--University of Alberta, 1982.
=504  \\$aIncludes bibliographical references.
=600  10$aShakespeare, William,$d1564-1616.$tKing Lear$xCriticism and interpretation.
=650  \0$aEvil in literature.
=710  2\$aUniversity of Alberta.$bDepartment of English.
=900  \\$aMK60372
=949  \\$zUAIN$zETHESIS

