=LDR  01091ntm  2200277I  4500
=001  uab09197022
=003  AEU
=005  20140319134934.0
=006  m|||||o||d||||||||
=007  cr||||||||||||
=008  140319s1982\\\\xx\adf\\obm\\\000\0\eng\d
=040  \\$aAEU$cAEU
=050  \4$aQA378.5$b.A88 1982
=090  \\$aInternet Access$bAEU
=100  1\$aAsthana, Praveer,$d1960-
=245  13$aAn inverse method in one dimension$h[electronic resource] /$cby Praveer Asthana.
=260  \\$cc1982.
=300  \\$a1 online resource (xii, 157 p.) :$bill.
=500  \\$a"A thesis submitted to the Faculty of Graduate Studies and Research in partial fulfillment of the requirements for the Degree of Master of Science, Department of Physics."
=502  \\$aThesis (M. Sc.)--University of Alberta, 1982.
=504  \\$aIncludes bibliographical references.
=590  \\$aScanned copy imperfect: "Fine Print" stamped on several pages.
=650  \0$aInverse problems (Differential equations)
=650  \0$aSchr{under}dinger equation.
=710  2\$aUniversity of Alberta.$bDepartment of Physics.
=900  \\$aMK60373
=949  \\$zUAIN$zETHESIS

