=LDR  01095ntm  2200265I  4500
=001  uab09197044
=003  AEU
=005  20140319134934.0
=006  m|||||o||d||||||||
=007  cr||||||||||||
=008  140319s1982\\\\xx\\\\\\obm\\\000\0\eng\d
=040  \\$aAEU$cAEU
=043  \\$an-us---
=050  \4$aPT2617.E85$bZ875 1982
=090  \\$aInternet Access$bAEU
=100  1\$aSteinbeisser, Reinhold Siegfried,$d1951-
=245  14$aThe reception of Hermann Hesse in the United States$h[electronic resource] /$cby Reinhold Siegfried Steinbeisser.
=260  \\$cc1982.
=300  \\$a1 online resource (viii, 96 p.)
=500  \\$a"A thesis submitted to the Faculty of Graduate Studies and Research in partial fulfillment of the requirements for the Degree of Master of Arts in German Literature, Department of Germanic Languages."
=502  \\$aThesis (M.A.)--University of Alberta, 1982.
=504  \\$aIncludes bibliographical references.
=600  10$aHesse, Hermann,$d1877-1962$xAppreciation$zUnited States.
=710  2\$aUniversity of Alberta.$bDepartment of Germanic Languages.
=900  \\$aMK60384
=949  \\$zUAIN$zETHESIS

