=LDR  01272ntm  2200289I  4500
=001  uab09197065
=003  AEU
=005  20140319134934.0
=006  m|||||o||d||||||||
=007  cr||||||||||||
=008  140319s1982\\\\xx\adf\\obm\\\000\0\eng\d
=040  \\$aAEU$cAEU
=043  \\$an-cn---
=050  \4$aGV351.5.C2$bS53 1982
=090  \\$aInternet Access$bAEU
=100  1\$aShaver, Richard H. A.$q(Richard Harold Allan),$d1957-
=245  14$aThe financing of intercollegiate athletics in selected western Canadian universities, 1970 to 1981$h[electronic resource] /$cby Richard H.A. Shaver.
=260  \\$cc1982.
=300  \\$a1 online resource (xiii, 208 p.) :$bill.
=500  \\$a"A thesis submitted to the Faculty of Graduate Studies and Research in partial fulfillment of the requirements for the Degree of Master of Arts, Department of Physical Education."
=502  \\$aThesis (M.A.)--University of Alberta, 1982.
=504  \\$aIncludes bibliographical references.
=590  \\$aScanned copy imperfect: "Fine Print" stamped on several pages.
=590  \\$aScanned copy imperfect: "Poor Copy" stamped on several pages.
=650  \0$aCollege sports$zCanada$xFinance$xHistory.
=710  2\$aUniversity of Alberta.$bDepartment of Physical Education.
=900  \\$aMK60403
=949  \\$zUAIN$zETHESIS

