=LDR  01243ntm  2200289I  4500
=001  uab09197067
=003  AEU
=005  20140319134934.0
=006  m|||||o||d||||||||
=007  cr||||||||||||
=008  140319s1982\\\\xx\df\\\obm\\\000\0\eng\d
=040  \\$aAEU$cAEU
=050  \4$aQP801.B66$bS74 1982
=090  \\$aInternet Access$bAEU
=100  1\$aStewart, Michael W.$q(Michael William),$d1956-
=245  14$aThe interaction of blood platelets with biogenic amines$h[electronic resource] :$binhibitory effects of haloperidol, imipramine and NH[subscript 4]Cl on the uptake of dopamine and serotonin /$cby Michael W. Stewart.
=260  \\$cc1982.
=300  \\$a1 online resource (x, 88 p.) :$bill.
=500  \\$a"A thesis submitted to the Faculty of Graduate Studies and Research in partial fulfillment of the requirements for the Degree of Master of Science in Experimental Medicine, Department of Medicine."
=502  \\$aThesis (M. Sc.)--University of Alberta, 1982.
=504  \\$aIncludes bibliographical references.
=650  \0$aBiogenic amines.
=650  \0$aBlood platelets.
=650  \0$aDopamine$xAntagonists.
=650  \0$aSerotonin$xAntagonists.
=710  2\$aUniversity of Alberta.$bDepartment of Medicine.
=900  \\$aMK60404
=949  \\$zUAIN$zETHESIS

