=LDR  01210ntm  2200277I  4500
=001  uab09197079
=003  AEU
=005  20140319134934.0
=006  m|||||o||d||||||||
=007  cr||||||||||||
=008  140319s1982\\\\xx\adf\\obm\\\000\0\eng\d
=040  \\$aAEU$cAEU
=050  \4$aGV855.3$b.W76 1982
=090  \\$aInternet Access$bAEU
=100  1\$aWronko, Craig Curtis Johnny,$d1957-
=245  10$aCinematographical analysis of selected parameters of the diagonal cross country ski stride on uphill terrain$h[electronic resource] /$cby Craig Curtis Johnny Wronko.
=260  \\$cc1982.
=300  \\$a1 online resource (ix, 40 p.) :$bill.
=500  \\$a"A thesis submitted to the Faculty of Graduate Studies and Research in partial fulfillment of the requirements for the Degree of Master of Science, Department of Physical Education."
=502  \\$aThesis (M. Sc.)--University of Alberta, 1982.
=504  \\$aIncludes bibliographical references.
=590  \\$aScanned copy imperfect: "Fine Print" stamped on several pages.
=650  \0$aCross-country skiing.
=650  \0$aCross-country skiing$xPhysiological aspects.
=710  2\$aUniversity of Alberta.$bDepartment of Physical Education.
=900  \\$aMK60418
=949  \\$zUAIN$zETHESIS

