=LDR  01177ntm  2200289I  4500
=001  uab09197083
=003  AEU
=005  20140319134934.0
=006  m|||||o||d||||||||
=007  cr||||||||||||
=008  140319s1982\\\\xx\df\\\obm\\\000\0\eng\d
=040  \\$aAEU$cAEU
=050  \4$aBF319.5.B5$bS69 1982
=090  \\$aInternet Access$bAEU
=100  1\$aSnyder, Ronald John,$d1957-
=245  12$aA comparative investigation of attention control training and attention control training augmented by EMG biofeedback$h[electronic resource] /$cby Ronald John Snyder.
=260  \\$cc1982.
=300  \\$a1 online resource (x, 84 p., [1] leaf of plates) :$bill.
=500  \\$a"A thesis submitted to the Faculty of Graduate Studies and Research in partial fulfillment of the requirements for the Degree of Master of Arts, Department of Physical Education."
=502  \\$aThesis (M.A.)--University of Alberta, 1982.
=504  \\$aIncludes bibliographical references.
=650  \0$aAttention.
=650  \0$aControl (Psychology)
=650  \0$aBiofeedback training.
=650  \0$aElectromyography.
=710  2\$aUniversity of Alberta.$bDepartment of Physical Education.
=900  \\$aMK60419
=949  \\$zUAIN$zETHESIS

