=LDR  01036ntm  2200265I  4500
=001  uab09197090
=003  AEU
=005  20140319134934.0
=006  m|||||o||d||||||||
=007  cr||||||||||||
=008  140319s1982\\\\xx\adef\obm\\\000\0\eng\d
=040  \\$aAEU$cAEU
=050  \4$aTH2247$b.T46 1982
=090  \\$aInternet Access$bAEU
=100  1\$aThorburn, L. Jane$q(Lorna Jane),$d1958-
=245  10$aAnalysis and design of steel shear wall systems$h[electronic resource] /$cby L. Jane Thorburn.
=260  \\$cc1982.
=300  \\$a1 online resource (xiv, 152 p.) :$bill., plans
=500  \\$a"A thesis submitted to the Faculty of Graduate Studies and Research in partial fulfillment of the requirements for the Degree of Master of Science in Civil Engineering."
=502  \\$aThesis (M. Sc.)--University of Alberta, 1982.
=504  \\$aIncludes bibliographical references.
=650  \0$aShear walls$xDesign and construction.
=650  \0$aSteel.
=710  2\$aUniversity of Alberta.$bDepartment of Civil Engineering.
=900  \\$aMK60425
=949  \\$zUAIN$zETHESIS

