=LDR  01082ntm  2200265I  4500
=001  uab09197107
=003  AEU
=005  20140319134934.0
=006  m|||||o||d||||||||
=007  cr||||||||||||
=008  140319s1982\\\\xx\df\\\obm\\\000\0\eng\d
=040  \\$aAEU$cAEU
=050  \4$aGV443$b.M37 1982
=090  \\$aInternet Access$bAEU
=100  1\$aMarshall, J. Dru$q(June Dru),$d1958-
=245  10$aExercise intensity in elementary school physical education classes$h[electronic resource] /$cby J. Dru Marshall.
=260  \\$cc1982.
=300  \\$a1 online resource (ix, [3], 134 p.) :$bill.
=500  \\$a"A thesis submitted to the Faculty of Graduate Studies and Research in partial fulfillment of the requirements for the Degree of Master of Science, Department of Physical Education."
=502  \\$aThesis (M. Sc.)--University of Alberta, 1982.
=504  \\$aIncludes bibliographical references.
=650  \0$aPhysical education for children.
=650  \0$aExercise$xPhysiological aspects.
=710  2\$aUniversity of Alberta.$bDepartment of Physical Education.
=900  \\$aMK60442
=949  \\$zUAIN$zETHESIS

