=LDR  01095ntm  2200277I  4500
=001  uab09197109
=003  AEU
=005  20140319134934.0
=006  m|||||o||d||||||||
=007  cr||||||||||||
=008  140319s1982\\\\xx\af\\\obm\\\000\0\eng\d
=040  \\$aAEU$cAEU
=050  \4$aHD9850.5$b.R66 1982
=090  \\$aInternet Access$bAEU
=100  1\$aRomank, Lorraine.
=245  10$aOrganizational buying of textile products for public buildings$h[electronic resource] /$cby Lorraine Romank.
=260  \\$cc1982.
=300  \\$a1 online resource (xiii, 123 p.) :$bill.
=500  \\$a"A thesis submitted to the Faculty of Graduate Studies and Research in partial fulfillment of the requirements for the Degree of Master of Science in Clothing and Textiles, Faculty of Home Economics."
=502  \\$aThesis (M. Sc.)--University of Alberta, 1982.
=504  \\$aIncludes bibliographical references.
=650  \0$aTextile industry.
=650  \0$aPurchasing.
=650  \0$aPublic buildings$xFurniture, equipment, etc.
=710  2\$aUniversity of Alberta.$bFaculty of Home Economics.
=900  \\$aMK60445
=949  \\$zUAIN$zETHESIS

