=LDR  01143ntm  2200289I  4500
=001  uab09197126
=003  AEU
=005  20140319134934.0
=006  m|||||o||d||||||||
=007  cr||||||||||||
=008  140319s1982\\\\xx\df\\\obm\\\000\0\eng\d
=040  \\$aAEU$cAEU
=050  \4$aHD6053$b.N45 1982
=090  \\$aInternet Access$bAEU
=100  1\$aNelson, Roxanne Kim,$d1956-
=245  10$aWomen in management$h[electronic resource] :$bcareer stages and job satisfaction /$cby Roxanne Kim Nelson.
=260  \\$cc1982.
=300  \\$a1 online resource (xv, 190 p.) :$bill.
=500  \\$a"A thesis submitted to the Faculty of Graduate Studies and Research in partial fulfillment of the requirements for the Degree of Master of Arts in Recreation Administration, Department of Physical Education."
=502  \\$aThesis (M.A.)--University of Alberta, 1982.
=504  \\$aIncludes bibliographical references.
=590  \\$aScanned copy imperfect: p. 163.
=650  \0$aBusinesswomen.
=650  \0$aWomen executives.
=650  \0$aWomen$xJob satisfaction.
=710  2\$aUniversity of Alberta.$bDepartment of Physical Education.
=900  \\$aMK60450
=949  \\$zUAIN$zETHESIS

