=LDR  01019ntm  2200265I  4500
=001  uab09197129
=003  AEU
=005  20140319134934.0
=006  m|||||o||d||||||||
=007  cr||||||||||||
=008  140319s1982\\\\xx\adf\\obm\\\000\0\eng\d
=040  \\$aAEU$cAEU
=050  \4$aHD108.6$b.O24 1982
=090  \\$aInternet Access$bAEU
=100  1\$aOchitwa, Jerry,$d1954-
=245  10$aLand use planning models$h[electronic resource] :$ba linear programming input-output approach /$cby Jerry Ochitwa.
=260  \\$cc1982.
=300  \\$a1 online resource (viii, 137 p.) :$bill.
=500  \\$a"A thesis submitted to the Faculty of Graduate Studies and Research in partial fulfillment of the requirements for the Degree of Master of Arts, Department of Economics."
=502  \\$aThesis (M.A.)--University of Alberta, 1982.
=504  \\$aIncludes bibliographical references.
=650  \0$aLand use$xPlanning.
=650  \0$aRegional planning.
=710  2\$aUniversity of Alberta.$bDepartment of Economics.
=900  \\$aMK60451
=949  \\$zUAIN$zETHESIS

