=LDR  01095ntm  2200277I  4500
=001  uab09197132
=003  AEU
=005  20140319134934.0
=006  m|||||o||d||||||||
=007  cr||||||||||||
=008  140319s1982\\\\xx\a\\\\obm\\\000\0\eng\d
=040  \\$aAEU$cAEU
=050  \4$aPN56.S744$bN48 1982
=090  \\$aInternet Access$bAEU
=100  1\$aNeumann, Uwe T. A.$q(Uwe Theodor Arthur),$d1944-
=245  12$aA Gestalt perception of suicide in drama$h[electronic resource] /$cby Uwe T.A. Neumann.
=260  \\$cc1982.
=300  \\$a1 online resource (viii, 125 p.) :$bill.
=500  \\$a"A thesis submitted to the Faculty of Graduate Studies and Research in partial fulfillment of the requirements for the Degree of Master of Arts, Department of Comparative Literature."
=502  \\$aThesis (M.A.)--University of Alberta, 1982.
=504  \\$aIncludes bibliographical references.
=650  \0$aSuicide in literature.
=650  \0$aDrama$xPsychological aspects.
=650  \0$aGestalt psychology.
=710  2\$aUniversity of Alberta.$bDepartment of Comparative Literature.
=900  \\$aMK60460
=949  \\$zUAIN$zETHESIS

