=LDR  01044ntm  2200277I  4500
=001  uab09197142
=003  AEU
=005  20140319134934.0
=006  m|||||o||d||||||||
=007  cr||||||||||||
=008  140319s1982\\\\xx\adf\\obm\\\000\0\eng\d
=040  \\$aAEU$cAEU
=050  \4$aTA660.S5$bS46 1982
=090  \\$aInternet Access$bAEU
=100  1\$aSenftleben, Artur.
=245  10$aGeometric nonlinear analysis of circular cylindrical shells$h[electronic resource] /$cby Artur Senftleben.
=260  \\$cc1982.
=300  \\$a1 online resource (xvi, 161 p.) :$bill.
=500  \\$a"A thesis submitted to the Faculty of Graduate Studies and Research in partial fulfillment of the requirements for the Degree of Master of Science in Civil Engineering."
=502  \\$aThesis (M. Sc.)--University of Alberta, 1982.
=504  \\$aIncludes bibliographical references.
=650  \0$aShells (Engineering)
=650  \0$aCylinders.
=650  \0$aNonlinear theories.
=710  2\$aUniversity of Alberta.$bDepartment of Civil Engineering.
=900  \\$aMK60463
=949  \\$zUAIN$zETHESIS

