=LDR  01049ntm  2200265I  4500
=001  uab09197148
=003  AEU
=005  20140319134934.0
=006  m|||||o||d||||||||
=007  cr||||||||||||
=008  140319s1982\\\\xx\adf\\obm\\\000\0\eng\d
=040  \\$aAEU$cAEU
=050  \4$aQD509.S65$bR93 1982
=090  \\$aInternet Access$bAEU
=100  1\$aRyan, Christie,$d1955-
=245  10$aOrientational dependence of surface energy at the ice-water interface$h[electronic resource] /$cby Christie Ryan.
=260  \\$cc1982.
=300  \\$a1 online resource (xi, 74 p.) :$bill.
=500  \\$a"A thesis submitted to the Faculty of Graduate Studies and Research in partial fulfillment of the requirements for the Degree of Master of Science, Department of Mechanical Engineering."
=502  \\$aThesis (M. Sc.)--University of Alberta, 1982.
=504  \\$aIncludes bibliographical references.
=650  \0$aSolid-liquid interfaces.
=650  \0$aSurface energy.
=710  2\$aUniversity of Alberta.$bDepartment of Mechanical Engineering.
=900  \\$aMK60466
=949  \\$zUAIN$zETHESIS

