=LDR  01077ntm  2200277I  4500
=001  uab09197151
=003  AEU
=005  20140319134934.0
=006  m|||||o||d||||||||
=007  cr||||||||||||
=008  140319s1982\\\\xx\df\\\obm\\\000\0\eng\d
=040  \\$aAEU$cAEU
=050  \4$aGV885.35$b.R67 1982
=090  \\$aInternet Access$bAEU
=100  1\$aRostad, Faith,$d1956-
=245  14$aThe effects of attention control training on performance in specific basketball game situations$h[electronic resource] /$cby Faith Rostad.
=260  \\$cc1982.
=300  \\$a1 online resource (xii, 101 p.) :$bill.
=500  \\$a"A thesis submitted to the Faculty of Graduate Studies and Research in partial fulfillment of the requirements for the Degree of Master of Arts, Physical Education."
=502  \\$aThesis (M.A.)--University of Alberta, 1982.
=504  \\$aIncludes bibliographical references.
=650  \0$aBasketball$xTraining.
=650  \0$aAttention.
=650  \0$aControl (Psychology)
=710  2\$aUniversity of Alberta.$bDepartment of Physical Education.
=900  \\$aMK60468
=949  \\$zUAIN$zETHESIS

