=LDR  01010ntm  2200265I  4500
=001  uab09197159
=003  AEU
=005  20140319134934.0
=006  m|||||o||d||||||||
=007  cr||||||||||||
=008  140319s1982\\\\xx\af\\\obm\\\000\0\eng\d
=040  \\$aAEU$cAEU
=050  \4$aQ335$b.P37 1982
=090  \\$aInternet Access$bAEU
=100  1\$aPapalaskaris, Mary-Angela.
=245  10$aSpecial purpose inference methods$h[electronic resource] /$cby Mary-Angela Papalaskaris.
=260  \\$cc1982.
=300  \\$a1 online resource (vii, 99 p.) :$bill.
=500  \\$a"A thesis submitted to the Faculty of Graduate Studies and Research in partial fulfillment of the requirements for the Degree of Master of Science, Department of Computing Science."
=502  \\$aThesis (M. Sc.)--University of Alberta, 1982.
=504  \\$aIncludes bibliographical references.
=650  \0$aInference.
=650  \0$aArtificial intelligence.
=710  2\$aUniversity of Alberta.$bDepartment of Computing Science.
=900  \\$aMK60475
=949  \\$zUAIN$zETHESIS

