=LDR  01054ntm  2200277I  4500
=001  uab09197163
=003  AEU
=005  20140319134934.0
=006  m|||||o||d||||||||
=007  cr||||||||||||
=008  140319s1982\\\\xx\\\\\\obm\\\000\0\eng\d
=040  \\$aAEU$cAEU
=050  \4$aBF503$b.P85 1982
=090  \\$aInternet Access$bAEU
=100  1\$aPullyblank, John C.,$d1957-
=245  10$aSelf versus other control and intrinsic motivation$h[electronic resource] /$cby John C. Pullyblank.
=260  \\$cc1982.
=300  \\$a1 online resource (viii, 86 p.)
=500  \\$a"A thesis submitted to the Faculty of Graduate Studies and Research in partial fulfillment of the requirements for the Degree of Master of Arts, Department of Psychology."
=502  \\$aThesis (M.A.)--University of Alberta, 1982.
=504  \\$aIncludes bibliographical references.
=650  \0$aIntrinsic motivation.
=650  \0$aSelf-control.
=650  \0$aMotivation (Psychology)$xSocial aspects.
=710  2\$aUniversity of Alberta.$bDepartment of Psychology.
=900  \\$aMK60481
=949  \\$zUAIN$zETHESIS

