=LDR  01212ntm  2200301I  4500
=001  uab09197245
=003  AEU
=005  20140319134934.0
=006  m|||||o||d||||||||
=007  cr||||||||||||
=008  140319s1983\\\\xx\af\\\obm\\\000\0\eng\d
=040  \\$aAEU$cAEU
=050  \4$aTX749.5.B43$bR65 1983
=090  \\$aInternet Access$bAEU
=100  1\$aRoles, Lynn Mary,$d1956-
=245  10$aEffects of cooking method, type of package addition and frozen storage on the quality of roast beef prepared in a cook-freeze foodservice system$h[electronic resource] /$cby Lynn Mary Roles.
=260  \\$cc1983.
=300  \\$a1 online resource (xiv, 167 p.) :$bill.
=500  \\$a"A thesis submitted to the Faculty of Graduate Studies and Research in partial fulfillment of the requirements for the Degree of Master of Science in Foods, Faculty of Home Economics."
=502  \\$aThesis (M. Sc.)--University of Alberta, 1983.
=504  \\$aIncludes bibliographical references.
=650  \0$aCooking (Beef)
=650  \0$aBeef$xPreservation.
=650  \0$aBeef$xQuality.
=650  \0$aFrozen meat.
=650  \0$aCooking (Frozen foods)
=710  2\$aUniversity of Alberta.$bFaculty of Home Economics.
=900  \\$aMK63829
=949  \\$zUAIN$zETHESIS

