=LDR  01092ntm  2200277I  4500
=001  uab09197403
=003  AEU
=005  20140319134934.0
=006  m|||||o||d||||||||
=007  cr||||||||||||
=008  140319s1983\\\\xx\bdf\\obm\\\000\0\eng\d
=040  \\$aAEU$cAEU
=043  \\$an-cn-ab
=050  \4$aTS1176.6.W6$bM33 1983
=090  \\$aInternet Access$bAEU
=100  1\$aMacDonald, Alexander Paul,$d1957-
=245  14$aThe utilization of wood chips in Alberta$h[electronic resource] /$cby Alexander Paul MacDonald.
=260  \\$cc1983.
=300  \\$a1 online resource (ix, [3], 183 p.) :$bill., maps
=500  \\$a"A thesis submitted to the Faculty of Graduate Studies and Research in partial fulfillment of the requirements for the Degree of Master of Science in Forest Economics, Department of Rural Economy."
=502  \\$aThesis (M. Sc.)--University of Alberta, 1983.
=504  \\$aIncludes bibliographical references.
=650  \0$aWood chips$zAlberta.
=650  \0$aWood chips industry$zAlberta.
=710  2\$aUniversity of Alberta.$bDepartment of Rural Economy.
=900  \\$aMK63876
=949  \\$zUAIN$zETHESIS

