=LDR  01108ntm  2200277I  4500
=001  uab09197416
=003  AEU
=005  20140319134934.0
=006  m|||||o||d||||||||
=007  cr||||||||||||
=008  140319s1983\\\\xx\a\\\\obm\\\000\0\eng\d
=040  \\$aAEU$cAEU
=050  \4$aQM255$b.W55 1983
=090  \\$aInternet Access$bAEU
=100  1\$aWilson, H. Chris,$d1958-
=245  10$aDevelopment of the cartilage and musculature of the human larynx$h[electronic resource] /$cby H. Chris Wilson.
=260  \\$cc1983.
=300  \\$a1 online resource (xiv, [1], 81, [36] p., [33] leaves of plates) :$bill.
=500  \\$a"A thesis submitted to the Faculty of Graduate Studies and Research in partial fulfillment of the requirements for the Degree of Master of Science, Department of Anatomy."
=500  \\$aLeaves of plates are accompanied by unpaged descriptions.
=502  \\$aThesis (M. Sc.)--University of Alberta, 1983.
=504  \\$aIncludes bibliographical references.
=650  \0$aLarynx.
=650  \0$aLarynx$xMuscles.
=710  2\$aUniversity of Alberta.$bDepartment of Anatomy.
=900  \\$aMK63878
=949  \\$zUAIN$zETHESIS

