=LDR  01101ntm  2200265I  4500
=001  uab09197488
=003  AEU
=005  20140319134934.0
=006  m|||||o||d||||||||
=007  cr||||||||||||
=008  140319s1983\\\\xx\adef\obm\\\000\0\eng\d
=040  \\$aAEU$cAEU
=050  \4$aTD461$b.C38 1983
=090  \\$aInternet Access$bAEU
=100  1\$aCaverson, D. L.
=245  10$aOzone disinfection of wastewaters using complete mix reactors$h[electronic resource] /$cby David L. Caverson.
=260  \\$cc1983.
=300  \\$a1 online resource (xii, 120 p.) :$bill., plans
=500  \\$a"A thesis submitted to the Faculty of Graduate Studies and Research in partial fulfillment of the requirements for the Degree of Master of Science in Environmental Engineering, Department of Civil Engineering."
=502  \\$aThesis (M. Sc.)--University of Alberta, 1983.
=504  \\$aIncludes bibliographical references.
=650  \0$aSewage$xPurification$xOzonization.
=650  \0$aSewage$xPurification$xOzonization$xTesting.
=710  2\$aUniversity of Alberta.$bDepartment of Civil Engineering.
=900 \\$aMK63890
=949  \\$zUAIN$zETHESIS

