=LDR  00972ntm  2200253I  4500
=001  uab09197502
=003  AEU
=005  20140319134934.0
=006  m|||||o||d||||||||
=007  cr||||||||||||
=008  140319s1983\\\\xx\adf\\obm\\\000\0\eng\d
=040  \\$aAEU$cAEU
=050  \4$aTA654.15$b.F94 1983
=090  \\$aInternet Access$bAEU
=100  1\$aFyfe, Ken,$d1958-
=245  10$aPractical implementation of modal analysis$h[electronic resource] /$cby Ken Fyfe.
=260  \\$cc1983.
=300  \\$a1 online resource (xii, 77 p.) :$bill.
=500  \\$a"A thesis submitted to the Faculty of Graduate Studies and Research in partial fulfillment of the requirements for the Degree of Master of Science, Department of Mechanical Engineering."
=502  \\$aThesis (M. Sc.)--University of Alberta, 1983.
=504  \\$aIncludes bibliographical references.
=650  \0$aModal analysis.
=710  2\$aUniversity of Alberta.$bDepartment of Mechanical Engineering.
=900  \\$aMK63894
=949  \\$zUAIN$zETHESIS

