=LDR  01103ntm  2200277I  4500
=001  uab09197527
=003  AEU
=005  20140319134934.0
=006  m|||||o||d||||||||
=007  cr||||||||||||
=008  140319s1983\\\\xx\adf\\obm\\\000\0\eng\d
=040  \\$aAEU$cAEU
=050  \4$aQK495.C9$bM33 1983
=090  \\$aInternet Access$bAEU
=100  1\$aMcCourt, Peter J.$q(Peter John),$d1957-
=245  10$aCharacterization of a cold temperature sensitive mutant of Arabidopsis$h[electronic resource] /$cby Peter J. McCourt.
=260  \\$cc1983.
=300  \\$a1 online resource (x, 114 p.) :$bill.
=500  \\$a"A thesis submitted to the Faculty of Graduate Studies and Research in partial fulfillment of the requirements for the Degree of Master of Science, Department of Genetics."
=502  \\$aThesis (M. Sc.)--University of Alberta, 1983.
=504  \\$aIncludes bibliographical references.
=590  \\$aScanned copy defective: p. 66 wanting.
=650  \0$aArabidopsis$xEffect of cold on.
=650  \0$aPlant mutation.
=710  2\$aUniversity of Alberta.$bDepartment of Genetics.
=900  \\$aMK63902
=949  \\$zUAIN$zETHESIS

