=LDR  01207ntm  2200289I  4500
=001  uab09197552
=003  AEU
=005  20140319134934.0
=006  m|||||o||d||||||||
=007  cr||||||||||||
=008  140319s1983\\\\xx\af\\\obm\\\000\0\eng\d
=040  \\$aAEU$cAEU
=050  \4$aP94.6$b.M34 1983
=090  \\$aInternet Access$bAEU
=100  1\$aMcFadzen, Paul C.$q(Paul Cyrus),$d1952-
=245  14$aThe impact of computer-telecommunication systems on culture and community$h[electronic resource] /$cby Paul C. McFadzen.
=260  \\$cc1983.
=300  \\$a1 online resource (viii, 175 p.) :$bill.
=500  \\$a"A thesis submitted to the Faculty of Graduate Studies and Research in partial fulfillment of the requirements for the Degree of Master of Arts, Division of Community Development."
=502  \\$aThesis (M.A.)--University of Alberta, 1983.
=504  \\$aIncludes bibliographical references.
=590  \\$aScanned copy defective: p. 171-172 wanting.
=650  \0$aTelecommunication systems$xSocial aspects.
=650  \0$aCommunication and culture.
=650  \0$aCommunication in community development.
=710  2\$aUniversity of Alberta.$bDivision of Community Development.
=900  \\$aMK63911
=949  \\$zUAIN$zETHESIS

