=LDR  00971ntm  2200265I  4500
=001  uab09197717
=003  AEU
=005  20140319134934.0
=006  m|||||o||d||||||||
=007  cr||||||||||||
=008  140319s1983\\\\xx\\\\\\obm\\\000\0\eng\d
=040  \\$aAEU$cAEU
=050  \4$aB823$b.H86 1983
=090  \\$aInternet Access$bAEU
=100  1\$aHunt, David W.
=245  14$aThe development of the concept of transcendental$h[electronic resource] /$cby David W. Hunt.
=260  \\$cc1983.
=300  \\$a1 online resource (x, 122 p.)
=500  \\$a"A thesis submitted to the Faculty of Graduate Studies and Research in partial fulfillment of the requirements for the Degree of Master of Arts, Department of Philosophy."
=502  \\$aThesis (M.A.)--University of Alberta, 1983.
=504  \\$aIncludes bibliographical references.
=650  \0$aTranscendentalism.
=650  \0$aPhilosophers.
=710  2\$aUniversity of Alberta.$bDepartment of Philosophy.
=900  \\$aMK63922
=949  \\$zUAIN$zETHESIS

