=LDR  01130ntm  2200265I  4500
=001  uab09197726
=003  AEU
=005  20140319134934.0
=006  m|||||o||d||||||||
=007  cr||||||||||||
=008  140319s1983\\\\xx\acf\\obm\\\000\0\eng\d
=040  \\$aAEU$cAEU
=050  \4$aGV1196.25$b.T47 1983
=090  \\$aInternet Access$bAEU
=100  1\$aThresher, Edward A.$q(Edward Albert),$d1944-
=245  14$aThe administration of the 1982 World Freestyle Wrestling Championships$h[electronic resource] /$cby Edward A. Thresher.
=260  \\$cc1983.
=300  \\$a1 online resource (ix, 136 p.) :$bill., ports.
=500  \\$a"A thesis submitted to the Faculty of Graduate Studies and Research in partial fulfillment of the requirements for the Degree of Master of Arts, Department of Physical Education."
=502  \\$aThesis (M.A.)--University of Alberta, 1983.
=504  \\$aIncludes bibliographical references.
=611  20$aWorld Freestyle Wrestling Championships$d(1982)$xManagement.
=650  \0$aWrestling$xTournaments$xManagement.
=710  2\$aUniversity of Alberta.$bDepartment of Physical Education.
=900  \\$aMK63941
=949  \\$zUAIN$zETHESIS

