=LDR  01019ntm  2200265I  4500
=001  uab09197756
=003  AEU
=005  20140319134934.0
=006  m|||||o||d||||||||
=007  cr||||||||||||
=008  140319s1983\\\\xx\adf\\obm\\\000\0\eng\d
=040  \\$aAEU$cAEU
=050  \4$aRC850$b.L46 1983
=090  \\$aInternet Access$bAEU
=100  1\$aLennon, Finbar,$d1948-
=245  10$aHuman cystic duct$h[electronic resource] :$bstructure and function in gallstone disease /$cby Finbar Lennon.
=260  \\$cc1983.
=300  \\$a1 online resource (xii, 83 p.) :$bill.
=500  \\$a"A thesis submitted to the Faculty of Graduate Studies and Research in partial fulfillment of the requirements for the Degree of Master of Science in Experimental Surgery, Department of Surgery."
=502  \\$aThesis (M. Sc.)--University of Alberta, 1983.
=504  \\$aIncludes bibliographical references.
=650  \0$aGallstones.
=650  \0$aBile ducts.
=710  2\$aUniversity of Alberta.$bDepartment of Surgery.
=900  \\$aMK63951
=949  \\$zUAIN$zETHESIS

