=LDR  01110ntm  2200265I  4500
=001  uab09197801
=003  AEU
=005  20140319134934.0
=006  m|||||o||d||||||||
=007  cr||||||||||||
=008  140319s1983\\\\xx\df\\\obm\\\000\0\eng\d
=040  \\$aAEU$cAEU
=050  \4$aQR82.R45$bO47 1983
=090  \\$aInternet Access$bAEU
=100  1\$aOlsen, Perry E.$q(Perry Edward),$d1944-
=245  14$aThe application of enzyme-linked immunosorbent assays (ELISA) to strain identity determinations of Rhizobium meliloti$h[electronic resource] /$cby Perry E. Olsen.
=260  \\$cc1983.
=300  \\$a1 online resource (xiii, 92 p.) :$bill.
=500  \\$a"A thesis submitted to the Faculty of Graduate Studies and Research in partial fulfillment of the requirements for the Degree of Master of Science, Department of Microbiology."
=502  \\$aThesis (M. Sc.)--University of Alberta, 1983.
=504  \\$aIncludes bibliographical references.
=650  \0$aRhizobium meliloti.
=650  \0$aEnzyme-linked immunosorbent assay.
=710  2\$aUniversity of Alberta.$bDepartment of Microbiology.
=900  \\$aMK63960
=949  \\$zUAIN$zETHESIS

