=LDR  01112ntm  2200277I  4500
=001  uab09197893
=003  AEU
=005  20140319134934.0
=006  m|||||o||d||||||||
=007  cr||||||||||||
=008  140319s1983\\\\xx\adf\\obm\\\000\0\eng\d
=040  \\$aAEU$cAEU
=050  \4$aSF396.5$b.M35 1983
=090  \\$aInternet Access$bAEU
=100  1\$aMcIntosh, Michael K.$q(Michael Kenneth),$d1950-
=245  10$aCanola meal as a protein supplement for swine$h[electronic resource] /$cby Michael K. McIntosh.
=260  \\$cc1983.
=300  \\$a1 online resource (xiv, 94 p.) :$bill.
=500  \\$a"A thesis submitted to the Faculty of Graduate Studies and Research in partial fulfillment of the requirements for the Degree of Master of Science in Animal Nutrition, Department of Animal Science."
=502  \\$aThesis (M. Sc.)--University of Alberta, 1983.
=504  \\$aIncludes bibliographical references.
=650  \0$aSwine$xFeeding and feeds.
=650  \0$aCanola meal as feed.
=650  \0$aProteins in animal nutrition.
=710  2\$aUniversity of Alberta.$bDepartment of Animal Science.
=900  \\$aMK63986
=949  \\$zUAIN$zETHESIS

