=LDR  01049ntm  2200265I  4500
=001  uab09197911
=003  AEU
=005  20140319134934.0
=006  m|||||o||d||||||||
=007  cr||||||||||||
=008  140319s1983\\\\xx\adf\\obm\\\000\0\eng\d
=040  \\$aAEU$cAEU
=050  \4$aTA660.S5$bH47 1983
=090  \\$aInternet Access$bAEU
=100  1\$aHernandez, Nerissa,$d1958-
=245  10$aAnalysis of axisymmetrically loaded shells of revolution$h[electronic resource] /$cby Nerissa Hernandez.
=260  \\$cc1983.
=300  \\$a1 online resource (xiv, 130 p.) :$bill.
=500  \\$a"A thesis submitted to the Faculty of Graduate Studies and Research in partial fulfillment of the requirements for the Degree of Master of Science, Department of Civil Engineering."
=502  \\$aThesis (M. Sc.)--University of Alberta, 1983.
=504  \\$aIncludes bibliographical references.
=650  \0$aShells (Engineering)
=650  \0$aStructural analysis (Engineering)
=710  2\$aUniversity of Alberta.$bDepartment of Civil Engineering.
=900  \\$aMK63990
=949  \\$zUAIN$zETHESIS

