=LDR  01122ntm  2200289I  4500
=001  uab09197968
=003  AEU
=005  20140319134934.0
=006  m|||||o||d||||||||
=007  cr||||||||||||
=008  140319s1984\\\\xx\adf\\obm\\\000\0\eng\d
=040  \\$aAEU$cAEU
=043  \\$an-cn-ab
=050  \4$aQL430.4$b.L63 1984
=090  \\$aInternet Access$bAEU
=100  1\$aLocasciulli, Osvaldo,$d1947-
=245  10$aDistribution and abundance of terrestrial snails in three habitat types in southwestern Alberta$h[electronic resource] /$cby Osvaldo Locasciulli.
=260  \\$cc1984.
=300  \\$a1 online resource (viii, 48 p.) :$bill.
=500  \\$a"A thesis submitted to the Faculty of Graduate Studies and Research in partial fulfillment of the requirements for the Degree of Master of Science, Zoology."
=502  \\$aThesis (M. Sc.)--University of Alberta, 1984.
=504  \\$aIncludes bibliographical references.
=650  \0$aSnails$zAlberta.
=650  \0$aSnails$zAlberta$xGeographical distribution.
=650  \0$aSnails$xHabitat$zAlberta.
=949  \\$zUAIN$zETHESIS
=900  \\$aMK67400
=987  \\$amissing$b710$dNo department specified.

