=LDR  01173ntm  2200301I  4500
=001  uab09197971
=003  AEU
=005  20140319134934.0
=006  m|||||o||d||||||||
=007  cr||||||||||||
=008  140319s1982\\\\xx\df\\\obm\\\000\0\eng\d
=040  \\$aAEU$cAEU
=050  \4$aRB147$b.D43 1982
=090  \\$aInternet Access$bAEU
=100  1\$aDean, William R.$q(William Robert),$d1956-
=245  14$aThe onset of metabolic acidosis and the optimal speeds of walking and running$h[electronic resource] /$cby William R. Dean.
=260  \\$cc1982.
=300  \\$a1 online resource (xvi, 154 p.) :$bill.
=500  \\$a"A thesis submitted to the Faculty of Graduate Studies and Research in partial fulfillment of the requirements for the Degree of Master of Science, Department of Physical Education."
=502  \\$aThesis (M. Sc.)--University of Alberta, 1982.
=504  \\$aIncludes bibliographical references.
=590  \\$aScanned copy imperfect: weak or faded print.
=650  \0$aAcidosis.
=650  \0$aMaximal oxygen uptake.
=650  \0$aWalking.
=650  \0$aRunning.
=710  2\$aUniversity of Alberta.$bDepartment of Physical Education.
=900  \\$aML23223
=949  \\$zUAIN$zETHESIS

