=LDR  01037ntm  2200277I  4500
=001  uab09197978
=003  AEU
=005  20140319134934.0
=006  m|||||o||d||||||||
=007  cr||||||||||||
=008  140319s1984\\\\xx\adf\\obm\\\000\0\eng\d
=040  \\$aAEU$cAEU
=050  \4$aTA357.5.V56$bF56 1984
=090  \\$aInternet Access$bAEU
=100  1\$aFinlay, Warren Hugh,$d1961-
=245  10$aFluid particle simulation of viscous flows$h[electronic resource] /$cby Warren Hugh Finlay.
=260  \\$cc1984.
=300  \\$a1 online resource ([1], xii, 113 p.) :$bill.
=500  \\$a"A thesis submitted to the Faculty of Graduate Studies and Research in partial fulfillment of the requirements for the Degree of Master of Science, Electrical Engineering."
=502  \\$aThesis (M. Sc.)--University of Alberta, 1984.
=504  \\$aIncludes bibliographical references.
=650  \0$aViscous flow$xData processing.
=650  \0$aFluid dynamics.
=650  \0$aParticles.
=900  \\$aML24741
=949  \\$zUAIN$zETHESIS
=987  \\$amissing$b710$dNo department specified.

