=LDR  01093ntm  2200277I  4500
=001  uab09198180
=003  AEU
=005  20140319134934.0
=006  m|||||o||d||||||||
=007  cr||||||||||||
=008  140319s1984\\\\xx\abf\\obm\\\000\0\eng\d
=040  \\$aAEU$cAEU
=050  \4$aGB1001.72.H93$bS65 1984
=090  \\$aInternet Access$bAEU
=100  1\$aSmith, Gregory J.$q(Gregory John),$d1955-
=245  10$aFinite element pre-processor for hydrogeologic modelling$h[electronic resource] /$cby Gregory J. Smith.
=260  \\$cc1984.
=300  \\$a1 online resource (x, 194 p.) :$bill., maps
=500  \\$a"A thesis submitted to the Faculty of Graduate Studies and Research in partial fulfillment of the requirements for the Degree of Master of Science, The Department of Geology."
=502  \\$aThesis (M. Sc.)--University of Alberta, 1984.
=504  \\$aIncludes bibliographical references.
=590  \\$aScanned copy defective: p. 175 wanting.
=650  \0$aHydrogeological modeling.
=650  \0$aAquifers.
=710  2\$aUniversity of Alberta.$bDepartment of Geology.
=900  \\$aML24764
=949  \\$zUAIN$zETHESIS

