=LDR  01112ntm  2200277I  4500
=001  uab09198190
=003  AEU
=005  20140319134934.0
=006  m|||||o||d||||||||
=007  cr||||||||||||
=008  140319s1984\\\\xx\abdf\obm\\\000\0\eng\d
=040  \\$aAEU$cAEU
=050  \4$aS594$b.M38 1984
=090  \\$aInternet Access$bAEU
=100  1\$aMaul{acute}e, Charles P.$q(Charles Peter),$d1950-
=245  10$aSpatial variability of two different soil moisture regimes$h[electronic resource] /$cby Charles P. Maule.
=260  \\$cc1984.
=300  \\$a1 online resource (xv, 177 p., [1] leaf of plates) :$bill., map
=500  \\$a"A thesis submitted to the Faculty of Graduate Studies and Research in partial fulfillment of the requirements for the Degree of Master of Science in Soil Physics, Department of Soil Science."
=502  \\$aThesis (M. Sc.)--University of Alberta, 1984.
=504  \\$aIncludes bibliographical references.
=650  \0$aSoil moisture.
=650  \0$aSoil ecology.
=650  \0$aSoil moisture$xMeasurement.
=710  2\$aUniversity of Alberta.$bDepartment of Soil Science.
=900  \\$aML24773
=949  \\$zUAIN$zETHESIS

