=LDR  01202ntm  2200289I  4500
=001  uab09198214
=003  AEU
=005  20140319134934.0
=006  m|||||o||d||||||||
=007  cr||||||||||||
=008  140319s1984\\\\xx\adf\\obm\\\000\0\eng\d
=040  \\$aAEU$cAEU
=043  \\$an-cn-bc$an-cn-ab
=050  \4$aS621.5.M48$bF95 1984
=090  \\$aInternet Access$bAEU
=100  1\$aFyles, Helen,$d1957-
=245  10$aNitrogen cycling through soil-plant systems on high elevation reclaimed mine sites$h[electronic resource] /$cby Helen Fyles.
=260  \\$cc1984.
=300  \\$a1 online resource (xiii, 145 p.) :$bill.
=500  \\$a"A thesis submitted to the Faculty of Graduate Studies and Research in partial fulfillment of the requirements for the Degree of Master of Science, Soil Science."
=502  \\$aThesis (M. Sc.)--University of Alberta, 1984.
=504  \\$aIncludes bibliographical references.
=650  \0$aAbandoned mined lands reclamation$zCanadian Rockies (B.C. and Alta.)
=650  \0$aPlant-soil relationships$zCanadian Rockies (B.C. and Alta.)
=650  \0$aNitrogen cycle$zCanadian Rockies (B.C. and Alta.)
=900  \\$aML24784
=949  \\$zUAIN$zETHESIS
=987  \\$amissing$b710$dNo department specified.

