=LDR  01230ntm  2200313I  4500
=001  uab09198289
=003  AEU
=005  20140319134934.0
=006  m|||||o||d||||||||
=007  cr||||||||||||
=008  140319s1984\\\\xx\adf\\obm\\\000\0\eng\d
=040  \\$aAEU$cAEU
=050  \4$aQP363$b.C53 1984
=090  \\$aInternet Access$bAEU
=100  1\$aClaveau, Yvette D.$q(Yvette Dawn),$d1948-
=245  10$aEffects of shortwave diathermy, ultrasound and hot packs on ulnar motor nerve conduction velocity$h[electronic resource] /$cby Yvette D. Claveau.
=260  \\$cc1984.
=300  \\$a1 online resource (xi, 83 p.) :$bill.
=500  \\$a"A thesis submitted to the Faculty of Graduate Studies and Research in partial fulfillment of the requirements for the Degree of Master of Science, Department of Physical Therapy."
=502  \\$aThesis (M. Sc.)--University of Alberta, 1984.
=504  \\$aIncludes bibliographical references.
=590  \\$aScanned copy defective: p. 50 and 70 wanting.
=650  \0$aUlnar nerve.
=650  \0$aNeural conduction.
=650  \0$aDiathermy.
=650  \0$aUltrasonic waves.
=650  \0$aThermotherapy.
=710  2\$aUniversity of Alberta.$bDepartment of Physical Therapy.
=900  \\$aML24801
=949  \\$zUAIN$zETHESIS

