=LDR  01036ntm  2200265I  4500
=001  uab09199057
=003  AEU
=005  20140319134934.0
=006  m|||||o||d||||||||
=007  cr||||||||||||
=008  140319s1984\\\\xx\af\\\obm\\\000\0\eng\d
=040  \\$aAEU$cAEU
=050  \4$aP325$b.H69 1984
=090  \\$aInternet Access$bAEU
=100  1\$aHowery, Kathy Lynn Look,$d1959-
=245  10$aIndividual differences in semantic cohesion$h[electronic resource] /$cby Kathy Lynn Look Howery.
=260  \\$cc1984.
=300  \\$a1 online resource (xii, 93 p.) :$bill.
=500  \\$a"A thesis submitted to the Faculty of Graduate Studies and Research in partial fulfillment of the requirements for the Degree of Master of Science in Psycholinguistics, Department of Linguistics."
=502  \\$aThesis (M. Sc.)--University of Alberta, 1984.
=504  \\$aIncludes bibliographical references.
=650  \0$aSemantics.
=650  \0$aPsycholinguistics$xResearch.
=710  2\$aUniversity of Alberta.$bDepartment of Linguistics.
=900  \\$aML24808
=949  \\$zUAIN$zETHESIS

