=LDR  01118ntm  2200277I  4500
=001  uab09199059
=003  AEU
=005  20140319134934.0
=006  m|||||o||d||||||||
=007  cr||||||||||||
=008  140319s1984\\\\xx\df\\\obm\\\000\0\eng\d
=040  \\$aAEU$cAEU
=050  \4$aSF207$b.M33 1984
=090  \\$aInternet Access$bAEU
=100  1\$aMacLaren, L. A.$q(Leslie Ann),$d1959-
=245  10$aWinter adaptiveness and its effect on performance of range beef cows$h[electronic resource] /$cby L.A. MacLaren.
=260  \\$cc1984.
=300  \\$a1 online resource (xiii, 99 p.) :$bill.
=500  \\$a"A thesis submitted to the Faculty of Graduate Studies and Research in partial fulfillment of the requirements for the Degree of Master of Science in Animal Breeding and Genetics, Department of Animal Science."
=502  \\$aThesis (M. Sc.)--University of Alberta, 1984.
=504  \\$aIncludes bibliographical references.
=650  \0$aBeef cattle$xEffect of cold on.
=650  \0$aBeef cattle$xAdaptation.
=650  \0$aWinter.
=710  2\$aUniversity of Alberta.$bDepartment of Animal Science.
=900  \\$aML24811
=949  \\$zUAIN$zETHESIS

