=LDR  01107ntm  2200289I  4500
=001  uab09199073
=003  AEU
=005  20140319134934.0
=006  m|||||o||d||||||||
=007  cr||||||||||||
=008  140319s1984\\\\xx\adf\\obm\\\000\0\eng\d
=040  \\$aAEU$cAEU
=050  \4$aQH585.4$b.N45 1984
=090  \\$aInternet Access$bAEU
=100  1\$aNg, Joseph,$d1957-
=245  10$aEffects of phorbol myristate acetate and cyclosporin A on the proteins of a lymphokine producing cell line, EL4.E1$h[electronic resource] /$cby Joseph Ng.
=260  \\$cc1984.
=300  \\$a1 online resource (xiii, 84 p.) :$bill.
=500  \\$a"A thesis submitted to the Faculty of Graduate Studies and Research in partial fulfillment of the requirements for the Degree of Master of Science, Department of Biochemistry."
=502  \\$aThesis (M. Sc.)--University of Alberta, 1984.
=504  \\$aIncludes bibliographical references.
=650  \0$aCell lines.
=650  \0$aLymphokines.
=650  \0$aPhorbols.
=650  \0$aCyclosporine.
=710  2\$aUniversity of Alberta.$bDepartment of Biochemistry.
=900  \\$aML24815
=949  \\$zUAIN$zETHESIS

