=LDR  01195ntm  2200277I  4500
=001  uab09199487
=003  AEU
=005  20140319134934.0
=006  m|||||o||d||||||||
=007  cr||||||||||||
=008  140319s1984\\\\xx\adf\\obm\\\000\0\eng\d
=040  \\$aAEU$cAEU
=050  \4$aRA781.67$b.S27 1984
=090  \\$aInternet Access$bAEU
=100  1\$aSaroya, Indira.
=245  14$aThe effects of yoga postures and breathing exercises on selected physiological parameters of females$h[electronic resource] /$cby Indira Saroya.
=260  \\$cc1984.
=300  \\$a1 online resource (xiii, 115 p.) :$bill.
=500  \\$a"A thesis submitted to the Faculty of Graduate Studies and Research in partial fulfillment of the requirements for the Degree of Master of Science, Department of Physical Education and Sport Studies."
=502  \\$aThesis (M. Sc.)--University of Alberta, 1984.
=504  \\$aIncludes bibliographical references.
=650  \0$aYoga$xPhysiological aspects.
=650  \0$aBreathing exercises$xPhysiological aspects.
=650  \0$aExercise for women$xPhysiological aspects.
=710  2\$aUniversity of Alberta.$bDepartment of Physical Education and Sport Studies.
=900  \\$aML24824
=949  \\$zUAIN$zETHESIS

