=LDR  01084ntm  2200277I  4500
=001  uab09199493
=003  AEU
=005  20140319134934.0
=006  m|||||o||d||||||||
=007  cr||||||||||||
=008  140319s1984\\\\xx\adf\\obm\\\000\0\eng\d
=040  \\$aAEU$cAEU
=043  \\$an-cn-ab
=050  \4$aHD9435.C23$bA33 1984
=090  \\$aInternet Access$bAEU
=100  1\$aBaah, Samuel Owusu,$d1952-
=245  10$aPricing efficiency in the Alberta hog industry$h[electronic resource] /$cby Samuel Owusu Baah.
=260  \\$cc1984.
=300  \\$a1 online resource (xi, 85 p.) :$bill.
=500  \\$a"A thesis submitted to the Faculty of Graduate Studies and Research in partial fulfillment of the requirements for the Degree of Master of Science in Agricultural Economics, Department of Rural Economy."
=502  \\$aThesis (M. Sc.)--University of Alberta, 1984.
=504  \\$aIncludes bibliographical references.
=650  \0$aPork industry and trade$xPrices$zAlberta.
=650  \0$aBoars$zAlberta.
=710  2\$aUniversity of Alberta.$bDepartment of Rural Economy.
=900  \\$aML24828
=949  \\$zUAIN$zETHESIS

