=LDR  01150ntm  2200277I  4500
=001  uab09199506
=003  AEU
=005  20140319134934.0
=006  m|||||o||d||||||||
=007  cr||||||||||||
=008  140319s1984\\\\xx\abdf\obm\\\000\0\eng\d
=040  \\$aAEU$cAEU
=043  \\$an-us-mt$an-us-wy
=050  \4$aQE993$b.L69 1984
=090  \\$aInternet Access$bAEU
=100  1\$aLow, Russanne Dorothy,$d1957-
=245  10$aEvaluating cave deposits as palynological study sites$h[electronic resource] :$ban experimental evaluation, Pryor Mountains, Montana /$cby Russanne Dorothy Low.
=260  \\$cc1984.
=300  \\$a1 online resource (xi, 111, [4] p.) :$bill., maps
=500  \\$a"A thesis submitted to the Faculty of Graduate Studies and Research in partial fulfillment of the requirements for the Degree of Master of Arts, Anthropology."
=502  \\$aThesis (M.A.)--University of Alberta, 1984.
=504  \\$aIncludes bibliographical references.
=650  \0$aPalynology$zPryor Mountains (Mont. and Wyo.)
=650  \0$aCaves$zPryor Mountains (Mont. and Wyo.)
=710  2\$aUniversity of Alberta.$bDepartment of Anthropology.
=900  \\$aML24829
=949  \\$zUAIN$zETHESIS

