=LDR  01066ntm  2200265I  4500
=001  uab09199531
=003  AEU
=005  20140319134934.0
=006  m|||||o||d||||||||
=007  cr||||||||||||
=008  140319s1984\\\\xx\af\\\obm\\\000\0\eng\d
=040  \\$aAEU$cAEU
=050  \4$aBF371$b.G35 1984
=090  \\$aInternet Access$bAEU
=100  1\$aGalenza, Bruce D.$q(Bruce Douglas),$d1950-
=245  10$aMemory for events in narrative discourse$h[electronic resource] :$bthe role of typicality, specificty and relevance /$cby Bruce D. Galenza.
=260  \\$cc1984.
=300  \\$a1 online resource (x, 136 p.) :$bill.
=500  \\$a"A thesis submitted to the Faculty of Graduate Studies and Research in partial fulfillment of the requirements for the Degree of Master of Science, Department of Psychology."
=502  \\$aThesis (M. Sc.)--University of Alberta, 1984.
=504  \\$aIncludes bibliographical references.
=650  \0$aMemory.
=650  \0$aDiscourse analysis, Narrative.
=710  2\$aUniversity of Alberta.$bDepartment of Psychology.
=900  \\$aML24831
=949  \\$zUAIN$zETHESIS

