=LDR  01070ntm  2200265I  4500
=001  uab09199602
=003  AEU
=005  20140319134934.0
=006  m|||||o||d||||||||
=007  cr||||||||||||
=008  140319s1984\\\\xx\adf\\obm\\\000\0\eng\d
=040  \\$aAEU$cAEU
=050  \4$aTP155.75$b.M36 1984
=090  \\$aInternet Access$bAEU
=100  1\$aMan, Daniel S.$q(Daniel Sun),$d1958-
=245  10$aProcess control using single series forecasting$h[electronic resource] /$cby Daniel S. Man.
=260  \\$cc1984.
=300  \\$a1 online resource (xvi, 137 p.) :$bill.
=500  \\$a"A thesis submitted to the Faculty of Graduate Studies and Research in partial fulfillment of the requirements for the Degree of Master of Science in Chemical Engineering, Department of Chemical Engineering."
=502  \\$aThesis (M. Sc.)--University of Alberta, 1984.
=504  \\$aIncludes bibliographical references.
=650  \0$aChemical process control.
=650  \0$aTime-series analysis.
=710  2\$aUniversity of Alberta.$bDepartment of Chemical Engineering.
=900  \\$aML24848
=949  \\$zUAIN$zETHESIS

