=LDR  01122ntm  2200277I  4500
=001  uab09199633
=003  AEU
=005  20140319134934.0
=006  m|||||o||d||||||||
=007  cr||||||||||||
=008  140319s1984\\\\xx\bf\\\obm\\\000\0\eng\d
=040  \\$aAEU$cAEU
=043  \\$an-cn-ab
=050  \4$aHN49.C6$bA85 1984
=090  \\$aInternet Access$bAEU
=100  1\$aAtiq, Dur{acute}e S.$q(Dur{acute}e-Shahwar),$d1953-
=245  10$aCommunity economic development$h[electronic resource] :$bthe case of Calder community /$cby Dur{acute}e S. Atiq.
=260  \\$cc1984.
=300  \\$a1 online resource (viii, 171 p.) :$bmaps
=500  \\$a"A thesis submitted to the Faculty of Graduate Studies and Research in partial fulfillment of the requirements for the Degree of Master of Arts, Department of Community Development."
=502  \\$aThesis (M.A.)--University of Alberta, 1984.
=504  \\$aIncludes bibliographical references.
=650  \0$aCommunity development$zAlberta$zEdmonton$xFinance.
=650  \0$aSmall business$zAlberta$zEdmonton.
=710  2\$aUniversity of Alberta.$bDepartment of Community Development.
=900  \\$aML24854
=949  \\$zUAIN$zETHESIS

