=LDR  01052ntm  2200265I  4500
=001  uab09199642
=003  AEU
=005  20140319134934.0
=006  m|||||o||d||||||||
=007  cr||||||||||||
=008  140319s1984\\\\xx\adf\\obm\\\000\0\eng\d
=040  \\$aAEU$cAEU
=050  \4$aRC271.P435$bH36 1984
=090  \\$aInternet Access$bAEU
=100  1\$aHamilton, Douglas Ross,$d1957-
=245  10$aHematoporphyrin phototherapy of neoplastic tumor models$h[electronic resource] /$cby Douglas Ross Hamilton.
=260  \\$cc1984.
=300  \\$a1 online resource (xii, 154 p.) :$bill.
=500  \\$a"A thesis submitted to the Faculty of Graduate Studies and Research in partial fulfillment of the requirements for the Degree of Master of Science, Department of Electrical Engineering."
=502  \\$aThesis (M. Sc.)--University of Alberta, 1984.
=504  \\$aIncludes bibliographical references.
=650  \0$aTumors$xPhototherapy.
=650  \0$aHematoporphyrin.
=710  2\$aUniversity of Alberta.$bDepartment of Electrical Engineering.
=900  \\$aML24855
=949  \\$zUAIN$zETHESIS

