=LDR  01069ntm  2200265I  4500
=001  uab09199769
=003  AEU
=005  20140319134934.0
=006  m|||||o||d||||||||
=007  cr||||||||||||
=008  140319s1984\\\\xx\adf\\obm\\\000\0\eng\d
=040  \\$aAEU$cAEU
=050  \4$aSF275.W5$bO45 1984
=090  \\$aInternet Access$bAEU
=100  1\$aOlivera, Victor Manuel Bernal,$d1958-
=245  10$aWhey protein stabilization and lactose hydrolysis for the production of whey-based beverages$h[electronic resource] /$cby Victor Manuel Bernal Olivera.
=260  \\$cc1984.
=300  \\$a1 online resource (xvi, 166 p.) :$bill.
=500  \\$a"A thesis submitted to the Faculty of Graduate Studies and Research in partial fulfillment of the requirements for the Degree of Master of Science, Department of Food Science."
=502  \\$aThesis (M. Sc.)--University of Alberta, 1984.
=504  \\$aIncludes bibliographical references.
=650  \0$aWhey products.
=650  \0$aHydrolysis.
=710  2\$aUniversity of Alberta.$bDepartment of Food Science.
=900  \\$aML24856
=949  \\$zUAIN$zETHESIS

