=LDR  01100ntm  2200277I  4500
=001  uab09199773
=003  AEU
=005  20140319134934.0
=006  m|||||o||d||||||||
=007  cr||||||||||||
=008  140319s1984\\\\xx\adf\\obm\\\000\0\eng\d
=040  \\$aAEU$cAEU
=050  \4$aRC390$b.G55 1984
=090  \\$aInternet Access$bAEU
=100  1\$aGill, Michael John,$d1951-
=245  10$aStudies to develop a radioisotope scan for herpes encephalitis$h[electronic resource] /$cby Michael John Gill.
=260  \\$cc1984.
=300  \\$a1 online resource (xiv, 84 p.) :$bill.
=500  \\$a"A thesis submitted to the Faculty of Graduate Studies and Research in partial fulfillment of the requirements for the Degree of Master of Science in Department of Medicine."
=502  \\$aThesis (M. Sc.)--University of Alberta, 1984.
=504  \\$aIncludes bibliographical references.
=650  \0$aEncephalitis$xRadionuclide imaging.
=650  \0$aHerpesvirus diseases$xRadionuclide imaging.
=650  \0$aRadioisotope scanning.
=710  2\$aUniversity of Alberta.$bDepartment of Medicine.
=900  \\$aML24858
=949  \\$zUAIN$zETHESIS

