=LDR  01404ntm  2200337I  4500
=001  uab09199793
=003  AEU
=005  20140319134934.0
=006  m|||||o||d||||||||
=007  cr||||||||||||
=008  140319s1984\\\\xx\\\\\\obm\\\000\0\eng\d
=040  \\$aAEU$cAEU
=043  \\$ae-ge---
=050  \4$aDD228.8$b.B47 1984
=090  \\$aInternet Access$bAEU
=100  1\$aBergen, Doris L.$q(Doris Leanna),$d1960-
=245  14$aThe German Protestant theologians and the nation in crisis, 1914 and 1933$h[electronic resource] /$cby Doris L. Bergen.
=260  \\$cc1984.
=300  \\$a1 online resource (viii, 148, [1] p.)
=500  \\$a"A thesis submitted to the Faculty of Graduate Studies and Research in partial fulfillment of the requirements for the Degree of Master of Arts, Department of History."
=502  \\$aThesis (M.A.)--University of Alberta, 1984.
=504  \\$aIncludes bibliographical references.
=590  \\$aScanned copy imperfect: weak or faded print.
=650  \0$aTheologians$zGermany$xHistory$yWorld War, 1914-1918.
=650  \0$aProtestants$zGermany$xHistory$yWorld War, 1914-1918.
=651  \0$aGermany$xHistory$yWorld War, 1914-1918.
=650  \0$aTheologians$zGermany$xHistory$y1933-1945.
=650  \0$aProtestants$zGermany$xHistory$y1933-1945.
=651  \0$aGermany$xHistory$y1933-1945.
=710  2\$aUniversity of Alberta.$bDepartment of History.
=900  \\$aML24863
=949  \\$zUAIN$zETHESIS

