=LDR  01080ntm  2200265I  4500
=001  uab09199839
=003  AEU
=005  20140319134934.0
=006  m|||||o||d||||||||
=007  cr||||||||||||
=008  140319s1984\\\\xx\adf\\obm\\\000\0\eng\d
=040  \\$aAEU$cAEU
=050  \4$aTA683.5.B3$bS26 1984
=090  \\$aInternet Access$bAEU
=100  1\$aSam Yue Chi, Bruno,$d1956-
=245  10$aMoment redistribution and secondary moments in two-span prestressed concrete beams$h[electronic resource] /$cby Bruno Sam Yue Chi.
=260  \\$cc1984.
=300  \\$a1 online resource (ix, 138 p.) :$bill.
=500  \\$a"A thesis submitted to the Faculty of Graduate Studies and Research in partial fulfillment of the requirements for the Degree of Master of Science, Department of Civil Engineering."
=502  \\$aThesis (M. Sc.)--University of Alberta, 1984.
=504  \\$aIncludes bibliographical references.
=650  \0$aPrestressed concrete beams$xTesting.
=650  \0$aStrains and stresses.
=710  2\$aUniversity of Alberta.$bDepartment of Civil Engineering.
=900  \\$aML24870
=949  \\$zUAIN$zETHESIS

