=LDR  01007ntm  2200265I  4500
=001  uab09199866
=003  AEU
=005  20140319134934.0
=006  m|||||o||d||||||||
=007  cr||||||||||||
=008  140319s1984\\\\xx\adf\\obm\\\000\0\eng\d
=040  \\$aAEU$cAEU
=050  \4$aRM849$b.P37 1984
=090  \\$aInternet Access$bAEU
=100  1\$aPark, Chul Hi,$d1960-
=245  10$aMultiple scattering of electrons used in medical radiation therapy$h[electronic resource] /$cby Chul Hi Park.
=260  \\$cc1984.
=300  \\$a1 online resource (xi, 91 p.) :$bill.
=500  \\$a"A thesis submitted to the Faculty of Graduate Studies and Research in partial fulfillment of the requirements for the Degree of Master of Science, Department of Physics."
=502  \\$aThesis (M. Sc.)--University of Alberta, 1984.
=504  \\$aIncludes bibliographical references.
=650  \0$aRadiotherapy.
=650  \0$aElectrons$xScattering.
=710  2\$aUniversity of Alberta.$bDepartment of Physics.
=900  \\$aML24878
=949  \\$zUAIN$zETHESIS

