=LDR  00996ntm  2200265I  4500
=001  uab09199956
=003  AEU
=005  20140319134934.0
=006  m|||||o||d||||||||
=007  cr||||||||||||
=008  140319s1984\\\\xx\\\\\\obm\\\000\0\eng\d
=040  \\$aAEU$cAEU
=050  \4$aB820.3.S45$bM37 1984
=090  \\$aInternet Access$bAEU
=100  1\$aMartens, David Brian,$d1955-
=245  10$aWilfrid Sellars on justifying epistemic principles$h[electronic resource] /$cby David Brian Martens.
=260  \\$cc1984.
=300  \\$a1 online resource (vii, 98 p.)
=500  \\$a"A thesis submitted to the Faculty of Graduate Studies and Research in partial fulfillment of the requirements for the Degree of Master of Arts, Department of Philosophy."
=502  \\$aThesis (M.A.)--University of Alberta, 1984.
=504  \\$aIncludes bibliographical references.
=650  \0$aEpistemics.
=600  10$aSellars, Wilfrid.
=710  2\$aUniversity of Alberta.$bDepartment of Philosophy.
=900  \\$aML24900
=949  \\$zUAIN$zETHESIS

