=LDR  01053ntm  2200277I  4500
=001  uab09199991
=003  AEU
=005  20140319134934.0
=006  m|||||o||d||||||||
=007  cr||||||||||||
=008  140319s1984\\\\xx\adf\\obm\\\000\0\eng\d
=040  \\$aAEU$cAEU
=050  \4$aRB155.5$b.P48 1984
=090  \\$aInternet Access$bAEU
=100  1\$aPetrie, Penelope Louise,$d1944-
=245  10$aAnalysis of a genetic disease in a human isolate$h[electronic resource] /$cby Penelope Louise Petrie.
=260  \\$cc1984.
=300  \\$a1 online resource (viii, 71 p.) :$bill.
=500  \\$a"A thesis submitted to the Faculty of Graduate Studies and Research in partial fulfillment of the requirements for the Degree of Master of Science, Department of Genetics."
=502  \\$aThesis (M. Sc.)--University of Alberta, 1984.
=504  \\$aIncludes bibliographical references.
=650  \0$aGenetic disorders.
=650  \0$aHutterian Brethren.
=650  \0$aGenetic counseling.
=710  2\$aUniversity of Alberta.$bDepartment of Genetics.
=900  \\$aML24908
=949  \\$zUAIN$zETHESIS

