=LDR  01232ntm  2200277I  4500
=001  uab09199997
=003  AEU
=005  20140319134934.0
=006  m|||||o||d||||||||
=007  cr||||||||||||
=008  140319s1984\\\\xx\ad\\\obm\\\000\0\eng\d
=040  \\$aAEU$cAEU
=043  \\$an-cn-ab
=050  \4$aGV849.15.A3$bC36 1984
=090  \\$aInternet Access$bAEU
=100  1\$aCampbell, Laura G.$q(Laura Grace),$d1952-
=245  12$aA description of factors influencing the organizational structure of the Alberta Section of the Canadian Figure Skating Association$h[electronic resource] /$cby Laura G. Campbell.
=260  \\$cc1984.
=300  \\$a1 online resource (x, 148 p.) :$bill.
=500  \\$a"A thesis submitted to the Faculty of Graduate Studies and Research in partial fulfillment of the requirements for the Degree of Master of Arts, Physical Education and Sport Studies."
=502  \\$aThesis (M.A.)--University of Alberta, 1984.
=504  \\$aIncludes bibliographical references.
=610  20$aCanadian Figure Skating Association.$bAlberta Section$xManagement.
=650  \0$aFigure skating$zAlberta$xManagement.
=710  2\$aUniversity of Alberta.$bDepartment of Physical Education and Sport Studies.
=900  \\$aML24909
=949  \\$zUAIN$zETHESIS

