=LDR  01095ntm  2200277I  4500
=001  uab09200012
=003  AEU
=005  20140319134934.0
=006  m|||||o||d||||||||
=007  cr||||||||||||
=008  140319s1984\\\\xx\adf\\obm\\\000\0\eng\d
=040  \\$aAEU$cAEU
=050  \4$aRC386.2$b.F67 1984
=090  \\$aInternet Access$bAEU
=100  1\$aFoster, Catherine Deirdre,$d1951-
=245  10$aVerbal and spatial immediate memory in patients with localized cerebral lesions$h[electronic resource] /$cby Catherine Deirdre Foster.
=260  \\$cc1984.
=300  \\$a1 online resource (x, 46 p.) :$bill.
=500  \\$a"A thesis submitted to the Faculty of Graduate Studies and Research in partial fulfillment of the requirements for the Degree of Master of Arts, Department of Psychology."
=502  \\$aThesis (M.A.)--University of Alberta, 1984.
=504  \\$aIncludes bibliographical references.
=650  \0$aBrain$xDiseases.
=650  \0$aBrain$xLocalization of functions.
=650  \0$aShort-term memory.
=710  2\$aUniversity of Alberta.$bDepartment of Psychology.
=900  \\$aML24917
=949  \\$zUAIN$zETHESIS

