=LDR  01144ntm  2200289I  4500
=001  uab09200017
=003  AEU
=005  20140319134934.0
=006  m|||||o||d||||||||
=007  cr||||||||||||
=008  140319s1984\\\\xx\adf\\obm\\\000\0\eng\d
=040  \\$aAEU$cAEU
=050  \4$aQE541$b.P37 1984
=090  \\$aInternet Access$bAEU
=100  1\$aPascoe, L. J.$q(Lorne James),$d1948-
=245  10$aSynthetic seismograms by the Alekseev-Mikhailenko method$h[electronic resource] /$cby L.J. Pascoe.
=260  \\$cc1984.
=300  \\$a1 online resource (viii, 81 p.) :$bill.
=500  \\$a"A thesis submitted to the Faculty of Graduate Studies and Research in partial fulfillment of the requirements for the Degree of Master of Science in Geophysics, Department of Physics."
=502  \\$aThesis (M. Sc.)--University of Alberta, 1984.
=504  \\$aIncludes bibliographical references.
=650  \0$aSeismograms.
=650  \0$aSeismic reflection method.
=600  10$aAlekseev, A. S.$q(Anatoli{caron}i Semenovich)
=600  10$aMikha{breve}ilenko, B. G.$q(Boris Grigor{softsign}evich)
=710  2\$aUniversity of Alberta.$bDepartment of Physics.
=900  \\$aML24918
=949  \\$zUAIN$zETHESIS

