=LDR  01055ntm  2200265I  4500
=001  uab09200269
=003  AEU
=005  20140319134934.0
=006  m|||||o||d||||||||
=007  cr||||||||||||
=008  140319s1983\\\\xx\af\\\obm\\\000\0\eng\d
=040  \\$aAEU$cAEU
=050  \4$aQA76.9.D348$bJ34 1983
=090  \\$aInternet Access$bAEU
=100  1\$aJagannathan, Desikan,$d1956-
=245  10$aSynchronization and recovery in distributed databases$h[electronic resource] /$cby Desikan Jagannathan.
=260  \\$cc1983.
=300  \\$a1 online resource (viii, 100 p.) :$bill.
=500  \\$a"A thesis submitted to the Faculty of Graduate Studies and Research in partial fulfillment of the requirements for the Degree of Master of Science, Department of Computing Science."
=502  \\$aThesis (M. Sc.)--University of Alberta, 1983.
=504  \\$aIncludes bibliographical references.
=650  \0$aData recovery (Computer science)
=650  \0$aDistributed databases.
=710  2\$aUniversity of Alberta.$bDepartment of Computing Science.
=900  \\$aML26746
=949  \\$zUAIN$zETHESIS

