=LDR  01200ntm  2200289I  4500
=001  uab09200407
=003  AEU
=005  20140319134934.0
=006  m|||||o||d||||||||
=007  cr||||||||||||
=008  140319s1984\\\\xx\abdf\obm\\\000\0\eng\d
=040  \\$aAEU$cAEU
=043  \\$an-cn-ab
=050  \4$aQC809.T38$bK87 1984
=090  \\$aInternet Access$bAEU
=100  1\$aKushigbor, Cornelius A.$q(Cornelius Atsu),$d1954-
=245  10$aDetailed heat flow studies in the west central Alberta sedimentary basin from bottom-hole temperature values$h[electronic resource] /$cby Cornelius A. Kushigbor.
=260  \\$cc1984.
=300  \\$a1 online resource (xiii, 100 p.) :$bill., maps
=500  \\$a"A thesis submitted to the Faculty of Graduate Studies and Research in partial fulfillment of the requirements for the Degree of Master of Science in Geophysics, Department of Physics."
=502  \\$aThesis (M. Sc.)--University of Alberta, 1984.
=504  \\$aIncludes bibliographical references.
=650  \0$aTerrestrial heat flow$zAlberta.
=650  \0$aSedimentary basins$zAlberta.
=650  \0$aHoles$xThermodynamics.
=710  2\$aUniversity of Alberta.$bDepartment of Physics.
=900  \\$aML26781
=949  \\$zUAIN$zETHESIS

