=LDR  01237ntm  2200277I  4500
=001  uab09200423
=003  AEU
=005  20140319134934.0
=006  m|||||o||d||||||||
=007  cr||||||||||||
=008  140319s1984\\\\xx\abdf\obm\\\000\0\eng\d
=040  \\$aAEU$cAEU
=043  \\$an-cn-bc
=050  \4$aSD390.3.C2$bK73 1984
=090  \\$aInternet Access$bAEU
=100  1\$aKrag, R. K.
=245  12$aA survey of soil disturbance on groundskidded and cable-yarded clearcuts in the Nelson Forest region of British Columbia$h[electronic resource] /$cby Raymond Keith Krag.
=260  \\$cc1984.
=300  \\$a1 online resource (xv, 220 p., [1] leaf of plates) :$bill., maps
=500  \\$a"A thesis submitted to the Faculty of Graduate Studies and Research in partial fulfillment of the requirements for the Degree of Master of Science, Department of Forest Science."
=502  \\$aThesis (M. Sc.)--University of Alberta, 1984.
=504  \\$aIncludes bibliographical references.
=650  \0$aForest soils$xEffect of logging on$zBritish Columbia$zNelson Forest Region.
=650  \0$aLogging$xEnvironmental aspects$zBritish Columbia$zNelson Forest Region.
=710  2\$aUniversity of Alberta.$bDepartment of Forest Science.
=900  \\$aML26787
=949  \\$zUAIN$zETHESIS

