=LDR  01067ntm  2200265I  4500
=001  uab09200504
=003  AEU
=005  20140319134934.0
=006  m|||||o||d||||||||
=007  cr||||||||||||
=008  140319s1983\\\\xx\adef\obm\\\000\0\eng\d
=040  \\$aAEU$cAEU
=050  \4$aQC465$b.S39 1983
=090  \\$aInternet Access$bAEU
=100  1\$aSchwab, David Allen,$d1958-
=245  10$aDesign of a CCD spectrophotometer for spectroelectrochemical studies$h[electronic resource] /$cby David Allen Schwab.
=260  \\$cc1983.
=300  \\$a1 online resource (xii, 126 p.) :$bill., plans
=500  \\$a"A thesis submitted to the Faculty of Graduate Studies and Research in partial fulfillment of the requirements for the Degree of Master of Science, Department of Chemistry."
=502  \\$aThesis (M. Sc.)--University of Alberta, 1983.
=504  \\$aIncludes bibliographical references.
=650  \0$aSpectrophotometer$xDesign and construction.
=650  \0$aElectrochemical analysis.
=710  2\$aUniversity of Alberta.$bDepartment of Chemistry.
=900  \\$aML26841
=949  \\$zUAIN$zETHESIS

