=LDR  01037ntm  2200277I  4500
=001  uab09200661
=003  AEU
=005  20140319134934.0
=006  m|||||o||d||||||||
=007  cr||||||||||||
=008  140319s1983\\\\xx\adf\\obm\\\000\0\eng\d
=040  \\$aAEU$cAEU
=050  \4$aQC703$b.S63 1983
=090  \\$aInternet Access$bAEU
=100  1\$aSmall, Lori Lynn,$d1958-
=245  10$aFast, low jitter spark gap switching$h[electronic resource] /$cby Lori Lynn Small.
=260  \\$cc1983.
=300  \\$a1 online resource (x, 63 p.) :$bill.
=500  \\$a"A thesis submitted to the Faculty of Graduate Studies and Research in partial fulfillment of the requirements for the Degree of Master of Science, Department of Electrical Engineering."
=500  \\$aVita.
=502  \\$aThesis (M. Sc.)--University of Alberta, 1983.
=504  \\$aIncludes bibliographical references.
=650  \0$aElectric spark gaps.
=650  \0$aSignal processing.
=710  2\$aUniversity of Alberta.$bDepartment of Electrical Engineering.
=900  \\$aML26842
=949  \\$zUAIN$zETHESIS

