=LDR  01054ntm  2200265I  4500
=001  uab09200667
=003  AEU
=005  20140319134934.0
=006  m|||||o||d||||||||
=007  cr||||||||||||
=008  140319s1983\\\\xx\af\\\obm\\\000\0\eng\d
=040  \\$aAEU$cAEU
=050  \4$aQA448.D38$bW36 1983
=090  \\$aInternet Access$bAEU
=100  1\$aWang, Cao An.
=245  10$aIntersection and minimum distance problems for planer polygons$h[electronic resource] /$cby Cao An Wang.
=260  \\$cc1983.
=300  \\$a1 online resource (ix, <67 [i.e., 68] p.>) :$bill.
=500  \\$a"A thesis submitted to the Faculty of Graduate Studies and Research in partial fulfillment of the requirements for the Degree of Master of Science, Department of Computing Science."
=502  \\$aThesis (M. Sc.)--University of Alberta, 1983.
=504  \\$aIncludes bibliographical references.
=650  \0$aConvex geometry$xData processing.
=650  \0$aPolygons$xData processing.
=710  2\$aUniversity of Alberta.$bDepartment of Computing Science.
=900  \\$aML26846
=949  \\$zUAIN$zETHESIS

