=LDR  01099ntm  2200289I  4500
=001  uab09200710
=003  AEU
=005  20140319134934.0
=006  m|||||o||d||||||||
=007  cr||||||||||||
=008  140319s1984\\\\xx\adf\\obm\\\000\0\eng\d
=040  \\$aAEU$cAEU
=050  \4$aQH607$b.S88 1984
=090  \\$aInternet Access$bAEU
=100  1\$aSutherland, Judy Ann,$d1957-
=245  10$aK562$h[electronic resource] :$ba model for leukemic pluripotential stem cell differentiation /$cby Judy Ann Sutherland.
=260  \\$cc1984.
=300  \\$a1 online resource (xiii, 142 p.) :$bill.
=500  \\$a"A thesis submitted to the Faculty of Graduate Studies and Research in partial fulfillment of the requirements for the Degree of Master of Science in Experimental Medicine, Department of Medicine."
=500  \\$aVita.
=502  \\$aThesis (M. Sc.)--University of Alberta, 1984.
=504  \\$aIncludes bibliographical references.
=650  \0$aStem cells.
=650  \0$aCell differentiation.
=650  \0$aLeukemia.
=710  2\$aUniversity of Alberta.$bDepartment of Medicine.
=900  \\$aML26852
=949  \\$zUAIN$zETHESIS

