=LDR  01278ntm  2200313I  4500
=001  uab09200715
=003  AEU
=005  20140319134934.0
=006  m|||||o||d||||||||
=007  cr||||||||||||
=008  140319s1984\\\\xx\adf\\obm\\\000\0\eng\d
=040  \\$aAEU$cAEU
=050  \4$aQP609.A3$bR67 1984
=090  \\$aInternet Access$bAEU
=100  1\$aRossiter, Marie,$d1959-
=245  14$aThe effect of diabetes, physical training, and magnesium regulation on ATPase activity in the heart$h[electronic resource] /$cby Marie Rossiter.
=260  \\$cc1984.
=300  \\$a1 online resource (vii, <202 [ie., 204] p.>) :$bill.
=500  \\$a"A thesis submitted to the Faculty of Graduate Studies and Research in partial fulfillment of the requirements for the Degree of Master of Science, Faculty of Physical Education and Sport."
=502  \\$aThesis (M. Sc.)--University of Alberta, 1984.
=504  \\$aIncludes bibliographical references.
=590  \\$aScanned copy imperfect: weak or faded print.
=650  \0$aAdenosine triphosphatase.
=650  \0$aHeart$xDiseases.
=650  \0$aExercise$xPhysiological aspects.
=650  \0$aMagnesium in the body.
=650  \0$aDiabetes.
=710  2\$aUniversity of Alberta.$bFaculty of Physical Education and Sport.
=900  \\$aML26854
=949  \\$zUAIN$zETHESIS

