=LDR  01050ntm  2200277I  4500
=001  uab09200720
=003  AEU
=005  20140319134934.0
=006  m|||||o||d||||||||
=007  cr||||||||||||
=008  140319s1984\\\\xx\af\\\obm\\\000\0\eng\d
=040  \\$aAEU$cAEU
=050  \4$aTK7895.M4$bL44 1984
=090  \\$aInternet Access$bAEU
=100  1\$aLee, De-Lei.
=245  10$aFast algorithms for associative memories$h[electronic resource] /$cby De-Lei Lee.
=260  \\$cc1984.
=300  \\$a1 online resource (vii, 70 p.) :$bill.
=500  \\$a"A thesis submitted to the Faculty of Graduate Studies and Research in partial fulfillment of the requirements for the Degree of Master of Science, Department of Computing Science."
=502  \\$aThesis (M. Sc.)--University of Alberta, 1984.
=504  \\$aIncludes bibliographical references.
=650  \0$aAssociative storage.
=650  \0$aComputer algorithms.
=650  \0$aNeural networks (Computer science)
=710  2\$aUniversity of Alberta.$bDepartment of Computing Science.
=900  \\$aML26857
=949  \\$zUAIN$zETHESIS

