=LDR  01056ntm  2200265I  4500
=001  uab09200727
=003  AEU
=005  20140319134934.0
=006  m|||||o||d||||||||
=007  cr||||||||||||
=008  140319s1984\\\\xx\df\\\obm\\\000\0\eng\d
=040  \\$aAEU$cAEU
=050  \4$aQR82.E6$bN43 1984
=090  \\$aInternet Access$bAEU
=100  1\$aNedd, Regan J. M.$q(Regan Jacinta Miranda),$d1953-
=245  10$aSurvival of Klebsiella pneumoniae (sensu lato) at low temperatures$h[electronic resource] /$cby Regan J.M. Nedd.
=260  \\$cc1984.
=300  \\$a1 online resource (xiv, 108 p.) :$bill.
=500  \\$a"A thesis submitted to the Faculty of Graduate Studies and Research in partial fulfillment of the requirements for the Degree of Master of Science, Department of Microbiology."
=502  \\$aThesis (M. Sc.)--University of Alberta, 1984.
=504  \\$aIncludes bibliographical references.
=650  \0$aKlebsiella pneumoniae.
=650  \0$aLow temperatures.
=710  2\$aUniversity of Alberta.$bDepartment of Microbiology.
=900  \\$aML26859
=949  \\$zUAIN$zETHESIS

