=LDR  01127ntm  2200289I  4500
=001  uab09200745
=003  AEU
=005  20140319134934.0
=006  m|||||o||d||||||||
=007  cr||||||||||||
=008  140319s1984\\\\xx\adf\\obm\\\000\0\eng\d
=040  \\$aAEU$cAEU
=043  \\$an-us-mt
=050  \4$aQL737.R68$bL53 1984
=090  \\$aInternet Access$bAEU
=100  1\$aLickley, David F.$q(David Forbes),$d1954-
=245  10$aAlarm vocalizations of Columbian ground squirrels (Spermophilus columbianus)$h[electronic resource] /$cby David F. Lickley.
=260  \\$cc1984.
=300  \\$a1 online resource (ix, 64 p.) :$bill.
=500  \\$a"A thesis submitted to the Faculty of Graduate Studies and Research in partial fulfillment of the requirements for the Degree of Master of Science, Department of Zoology."
=502  \\$aThesis (M. Sc.)--University of Alberta, 1984.
=504  \\$aIncludes bibliographical references.
=650  \0$aGround squirrels$zMontana.
=650  \0$aGround squirrels$xBehavior$zMontana.
=650  \0$aAlarm reaction.
=710  2\$aUniversity of Alberta.$bDepartment of Zoology.
=900  \\$aML26861
=949  \\$zUAIN$zETHESIS

