=LDR  01203ntm  2200301I  4500
=001  uab09200777
=003  AEU
=005  20140319134934.0
=006  m|||||o||d||||||||
=007  cr||||||||||||
=008  140319s1984\\\\xx\adef\obm\\\000\0\eng\d
=040  \\$aAEU$cAEU
=050  \4$aQL737.R666$bP37 1984
=090  \\$aInternet Access$bAEU
=100  1\$aParanjape, R. B.$q(Raman Bhalachandra),$d1958-
=245  12$aA digital ultrasound recorder for rat stress analysis$h[electronic resource] /$cby R.B. Paranjape.
=260  \\$cc1984.
=300  \\$a1 online resource (ix, 83 p.) :$bill., plans
=500  \\$a"A thesis submitted to the Faculty of Graduate Studies and Research in partial fulfillment of the requirements for the Degree of Master of Science, Department of Electrical Engineering."
=502  \\$aThesis (M. Sc.)--University of Alberta, 1984.
=504  \\$aIncludes bibliographical references.
=590  \\$aScanned copy defective: p. 79 wanting.
=650  \0$aRats$xEffect of stress on.
=650  \0$aRats$xEffect of radiation on.
=650  \0$aUltrasonic equipment.
=650  \0$aMicrowaves.
=710  2\$aUniversity of Alberta.$bDepartment of Electrical Engineering.
=900  \\$aML26868
=949  \\$zUAIN$zETHESIS

