=LDR  01002ntm  2200265I  4500
=001  uab09200789
=003  AEU
=005  20140319134934.0
=006  m|||||o||d||||||||
=007  cr||||||||||||
=008  140319s1983\\\\xx\af\\\obm\\\000\0\eng\d
=040  \\$aAEU$cAEU
=050  \4$aQD305.H7$bM55 1983
=090  \\$aInternet Access$bAEU
=100  1\$aMiller, Alan Joseph,$d1954-
=245  13$aAn improved synthesis of anti-sesquinorbornene$h[electronic resource] /$cby Alan Joseph Miller.
=260  \\$cc1983.
=300  \\$a1 online resource (ix, 91 p.) :$bill.
=500  \\$a"A thesis submitted to the Faculty of Graduate Studies and Research in partial fulfillment of the requirements for the Degree of Master of Science, Department of Chemistry."
=502  \\$aThesis (M. Sc.)--University of Alberta, 1983.
=504  \\$aIncludes bibliographical references.
=650  \0$aAlkenes$xSynthesis.
=650  \0$aBiosynthesis.
=710  2\$aUniversity of Alberta.$bDepartment of Chemistry.
=900  \\$aML26876
=949  \\$zUAIN$zETHESIS

