=LDR  01087ntm  2200277I  4500
=001  uab09200822
=003  AEU
=005  20140319134934.0
=006  m|||||o||d||||||||
=007  cr||||||||||||
=008  140319s1983\\\\xx\af\\\obm\\\000\0\eng\d
=040  \\$aAEU$cAEU
=050  \4$aQP364.5$b.N55 1983
=090  \\$aInternet Access$bAEU
=100  1\$aNilar, Shahul Hameed Meeran,$d1955-
=245  12$aA theoretical simulation of interactions in transmembrane ionic channels$h[electronic resource] /$cby Shahul Hameed Meeran Nilar.
=260  \\$cc1983.
=300  \\$a1 online resource (xi, 100 p.) :$bill.
=500  \\$a"A thesis submitted to the Faculty of Graduate Studies and Research in partial fulfillment of the requirements for the Degree of Master of Science, Department of Chemistry."
=502  \\$aThesis (M. Sc.)--University of Alberta, 1983.
=504  \\$aIncludes bibliographical references.
=650  \0$aNeural transmission$xRegulation.
=650  \0$aAnesthetics.
=650  \0$aIon channels.
=710  2\$aUniversity of Alberta.$bDepartment of Chemistry.
=900  \\$aML26882
=949  \\$zUAIN$zETHESIS

