=LDR  01061ntm  2200265I  4500
=001  uab09200835
=003  AEU
=005  20140319134934.0
=006  m|||||o||d||||||||
=007  cr||||||||||||
=008  140319s1983\\\\xx\adef\obm\\\000\0\eng\d
=040  \\$aAEU$cAEU
=050  \4$aTA409$b.B83 1983
=090  \\$aInternet Access$bAEU
=100  1\$aBudhiman, Artono,$d1956-
=245  10$aExamination of fatigue precracking and fracture toughness testing$h[electronic resource] /$cby Artono Budhiman.
=260  \\$cc1983.
=300  \\$a1 online resource (xv, 93 p.) :$bill., plans
=500  \\$a"A thesis submitted to the Faculty of Graduate Studies and Research in partial fulfillment of the requirements for the Degree of Master of Science, Department of Mechanical Engineering."
=502  \\$aThesis (M. Sc.)--University of Alberta, 1983.
=504  \\$aIncludes bibliographical references.
=650  \0$aFracture mechanics$xTesting.
=650  \0$aMaterials$xFatigue.
=710  2\$aUniversity of Alberta.$bDepartment of Mechanical Engineering.
=900  \\$aML26885
=949  \\$zUAIN$zETHESIS

