=LDR  01146ntm  2200277I  4500
=001  uab09200925
=003  AEU
=005  20140319134934.0
=006  m|||||o||d||||||||
=007  cr||||||||||||
=008  140319s1983\\\\xx\adf\\obm\\\000\0\eng\d
=040  \\$aAEU$cAEU
=050  \4$aBF321$b.H47 1983
=090  \\$aInternet Access$bAEU
=100  1\$aHerdman, Chris M.$q(Chris Michael),$d1955-
=245  10$aSingle vs. multiple resources in divided attention$h[electronic resource] :$ba cross-model test of the independence of hemispheric resource supplies /$cby Chris M. Herdman.
=260  \\$cc1983.
=300  \\$a1 online resource (viii, 142 p.) :$bill.
=500  \\$a"A thesis submitted to the Faculty of Graduate Studies and Research in partial fulfillment of the requirements for the Degree of Master of Science, Department of Psychology."
=502  \\$aThesis (M. Sc.)--University of Alberta, 1983.
=504  \\$aIncludes bibliographical references.
=650  \0$aAttention.
=650  \0$aCerebral hemispheres.
=650  \0$aBrain$xLocalization of functions.
=710  2\$aUniversity of Alberta.$bDepartment of Psychology.
=900  \\$aML26927
=949  \\$zUAIN$zETHESIS


