=LDR  01136ntm  2200277I  4500
=001  uab09200928
=003  AEU
=005  20140319134934.0
=006  m|||||o||d||||||||
=007  cr||||||||||||
=008  140319s1983\\\\xx\adf\\obm\\\000\0\eng\d
=040  \\$aAEU$cAEU
=050  \4$aRC271.T5$bC87 1983
=090  \\$aInternet Access$bAEU
=100  1\$aCurran, Thomas M.$q(Thomas Michael),$d1955-
=245  10$aR.F. hyperthermia applicator using orbiting electrodes$h[electronic resource] /$cby Thomas M. Curran.
=260  \\$cc1983.
=300  \\$a1 online resource (xviii, 191 p.) :$bill.
=500  \\$a"A thesis submitted to the Faculty of Graduate Studies and Research in partial fulfillment of the requirements for the Degree of Master of Science, Department of Electrical Engineering."
=502  \\$aThesis (M. Sc.)--University of Alberta, 1983.
=504  \\$aIncludes bibliographical references.
=590  \\$aScanned copy defective: p. 185 wanting.
=650  \0$aCancer$xThermotherapy.
=650  \0$aElectrodes$xDesign and construction.
=710  2\$aUniversity of Alberta.$bDepartment of Electrical Engineering.
=900  \\$aML26929
=949  \\$zUAIN$zETHESIS

