=LDR  01150ntm  2200277I  4500
=001  uab09201103
=003  AEU
=005  20140319134934.0
=006  m|||||o||d||||||||
=007  cr||||||||||||
=008  140319s1984\\\\xx\abf\\obm\\\000\0\eng\d
=040  \\$aAEU$cAEU
=043  \\$aa-np---
=050  \4$aSD235.N35$bS57 1984
=090  \\$aInternet Access$bAEU
=100  1\$aShrestha, Binod K.$q(Binod Krishna),$d1954-
=245  10$aPerception and behaviour of Nepalese hill farmers towards forest resource use and conservation$h[electronic resource] /$cby Binod K. Shrestha.
=260  \\$cc1984.
=300  \\$a1 online resource (xii, 113 p.) :$bill., maps
=500  \\$a"A thesis submitted to the Faculty of Graduate Studies and Research in partial fulfillment of the requirements for the Degree of Master of Science, Department of Geography."
=502  \\$aThesis (M. Sc.)--University of Alberta, 1984.
=504  \\$aIncludes bibliographical references.
=650  \0$aForest management$zNepal$xPublic opinion.
=650  \0$aForest conservation$zNepal$xPublic opinion.
=710  2\$aUniversity of Alberta.$bDepartment of Geography.
=900  \\$aML26968
=949  \\$zUAIN$zETHESIS

