=LDR  01218ntm  2200289I  4500
=001  uab09201107
=003  AEU
=005  20140319134934.0
=006  m|||||o||d||||||||
=007  cr||||||||||||
=008  140319s1984\\\\xx\abf\\obm\\\000\0\eng\d
=040  \\$aAEU$cAEU
=043  \\$an-cn---
=050  \4$aHD9049.W5$bC26 1984
=090  \\$aInternet Access$bAEU
=100  1\$aManiak, Sandra J.,$d1958-
=245  10$aOptimal deliveries of wheat in Canada$h[electronic resource] :$bthe impact of CWRS wheat grade multiplicity on transportation cost minimization /$cby Sandra J. Maniak.
=260  \\$cc1984.
=300  \\$a1 online resource (xiii, 200 p.) :$bill., maps
=500  \\$a"A thesis submitted to the Faculty of Graduate Studies and Research in partial fulfillment of the requirements for the Degree of Master of Arts, Department of Geography."
=502  \\$aThesis (M.A.)--University of Alberta, 1984.
=504  \\$aIncludes bibliographical references.
=590  \\$aScanned copy imperfect and defective: p. 95 scanned in three times; p. 96-97 wanting.
=650  \0$aWheat trade$zCanada.
=650  \0$aDelivery of goods$xFinance.
=710  2\$aUniversity of Alberta.$bDepartment of Geography.
=900  \\$aML26971
=949  \\$zUAIN$zETHESIS

