=LDR  01113ntm  2200277I  4500
=001  uab09201110
=003  AEU
=005  20140319134934.0
=006  m|||||o||d||||||||
=007  cr||||||||||||
=008  140319s1984\\\\xx\abdf\obm\\\000\0\eng\d
=040  \\$aAEU$cAEU
=043  \\$an-cn-sn
=050  \4$aQE33.2.S82$bW38 1984
=090  \\$aInternet Access$bAEU
=100  1\$aWaters, Peter MacKenzie,$d1947-
=245  10$aGeostatistics of the Estevan coal seam in the Boundary Dam Mine, southern Saskatchewan$h[electronic resource] /$cby Peter MacKenzie Waters.
=260  \\$cc1984.
=300  \\$a1 online resource (xxv, 234 p.) :$bill., maps
=500  \\$a"A thesis submitted to the Faculty of Graduate Studies and Research in partial fulfillment of the requirements for the Degree of Master of Science, Department of Geology."
=502  \\$aThesis (M. Sc.)--University of Alberta, 1984.
=504  \\$aIncludes bibliographical references.
=650  \0$aGeology$xStatistical methods.
=650  \0$aCoal mines and mining$zSaskatchewan.
=710  2\$aUniversity of Alberta.$bDepartment of Geology.
=900  \\$aML26973
=949  \\$zUAIN$zETHESIS

