=LDR  01120ntm  2200265I  4500
=001  uab09201117
=003  AEU
=005  20140319134934.0
=006  m|||||o||d||||||||
=007  cr||||||||||||
=008  140319s1984\\\\xx\df\\\obm\\\000\0\eng\d
=040  \\$aAEU$cAEU
=050  \4$aQC793.5.P728$bS29 1984
=090  \\$aInternet Access$bAEU
=100  1\$aSawafta, Reyad Ilayan Tawfig,$d1958-
=245  10$aComparison of conventional and unconventional potential models for proton inelastic scattering$h[electronic resource] /$cby Reyad Ilayan Tawfiq Sawafta.
=260  \\$cc1984.
=300  \\$a1 online resource (xii, 94 p.) :$bill.
=500  \\$a"A thesis submitted to the Faculty of Graduate Studies and Research in partial fulfillment of the requirements for the Degree of Master of Science, Department of Physics."
=502  \\$aThesis (M. Sc.)--University of Alberta, 1984.
=504  \\$aIncludes bibliographical references.
=650  \0$aProtons$xScattering$xMathematical models.
=650  \0$aInelastic scattering$xMathematical models.
=710  2\$aUniversity of Alberta.$bDepartment of Physics.
=900  \\$aML26976
=949  \\$zUAIN$zETHESIS

