=LDR  01019ntm  2200265I  4500
=001  uab09201124
=003  AEU
=005  20140319134934.0
=006  m|||||o||d||||||||
=007  cr||||||||||||
=008  140319s1984\\\\xx\adf\\obm\\\000\0\eng\d
=040  \\$aAEU$cAEU
=043  \\$an-cn---
=050  \4$aHB939$b.L64 1984
=090  \\$aInternet Access$bAEU
=100  1\$aLoh, Shirley Siu Ying,$d1958-
=245  10$aModeling fertility patterns in Canada$h[electronic resource] /$cby Shirely Siu Ying Loh.
=260  \\$cc1984.
=300  \\$a1 online resource (xiii, 169 p.) :$bill.
=500  \\$a"A thesis submitted to the Faculty of Graduate Studies and Research in partial fulfillment of the requirements for the Degree of Master of Arts in Demography, Department of Sociology."
=502  \\$aThesis (M.A.)--University of Alberta, 1984.
=504  \\$aIncludes bibliographical references.
=650  \0$aFertility, Human$zCanada$xStatistics.
=710  2\$aUniversity of Alberta.$bDepartment of Sociology.
=900  \\$aML26978
=949  \\$zUAIN$zETHESIS

