=LDR  01080ntm  2200277I  4500
=001  uab09201126
=003  AEU
=005  20140319134934.0
=006  m|||||o||d||||||||
=007  cr||||||||||||
=008  140319s1984\\\\xx\bdf\\obm\\\000\0\eng\d
=040  \\$aAEU$cAEU
=043  \\$an-cn-ab
=050  \4$aF1035.E3$bK43 1984
=090  \\$aInternet Access$bAEU
=100  1\$aKhatun, Hafiza,$d1954-
=245  10$aIntra-urban residential migration of East Indian people in Edmonton$h[electronic resource] /$cby Hafiza Khatun.
=260  \\$cc1984.
=300  \\$a1 online resource (xii, 206 p.) :$bill., maps
=500  \\$a"A thesis submitted to the Faculty of Graduate Studies and Research in partial fulfillment of the requirements for the Degree of Master of Arts, Department of Geography."
=502  \\$aThesis (M.A.)--University of Alberta, 1984.
=504  \\$aIncludes bibliographical references.
=650  \0$aEast Indians$zAlberta$zEdmonton.
=650  \0$aResidential mobility$zAlberta$zEdmonton.
=710  2\$aUniversity of Alberta.$bDepartment of Geography.
=900  \\$aML26979
=949  \\$zUAIN$zETHESIS

