=LDR  01064ntm  2200265I  4500
=001  uab09201131
=003  AEU
=005  20140319134934.0
=006  m|||||o||d||||||||
=007  cr||||||||||||
=008  140319s1984\\\\xx\\\\\\obm\\\000\0\eng\d
=040  \\$aAEU$cAEU
=050  \4$aPS3509.L43$bW3733 1984
=090  \\$aInternet Access$bAEU
=100  1\$aChisholm, Dianne,$d1953-
=245  14$aThe waste land in the misogynous tradition$h[electronic resource] /$cby Dianne Lynn Chisholm.
=260  \\$cc1984.
=300  \\$a1 online resource (viii, 184 p.)
=500  \\$a"A thesis submitted to the Faculty of Graduate Studies and Research in partial fulfillment of the requirements for the Degree of Master of Arts, Department of English."
=502  \\$aThesis (M.A.)--University of Alberta, 1984.
=504  \\$aIncludes bibliographical references.
=600  10$aEliot, T. S.$q(Thomas Stearns),$d1888-1965.$tWaste land$xCriticism and interpretation.
=650  \0$aMisogyny in literature.
=710  2\$aUniversity of Alberta.$bDepartment of English.
=900  \\$aML26994
=949  \\$zUAIN$zETHESIS

