=LDR  01009ntm  2200253I  4500
=001  uab09201407
=003  AEU
=005  20140319134934.0
=006  m|||||o||d||||||||
=007  cr||||||||||||
=008  140319s1984\\\\xx\adf\\obm\\\000\0\eng\d
=040  \\$aAEU$cAEU
=050  \4$aQL737.P93$bB85 1984
=090  \\$aInternet Access$bAEU
=100  1\$aBullard, Jeffrey,$d1956-
=245  10$aMount prompting behaviors of female Japanese macaques (Macaca fuscata)$h[electronic resource] /$cby Jeffrey Bullard.
=260  \\$cc1984.
=300  \\$a1 online resource (xiii, 84 p.) :$bill.
=500  \\$a"A thesis submitted to the Faculty of Graduate Studies and Research in partial fulfillment of the requirements for the Degree of Master of Arts, Department of Anthropology."
=502  \\$aThesis (M.A.)--University of Alberta, 1984.
=504  \\$aIncludes bibliographical references.
=650  \0$aJapanese macaque$xSexual behavior.
=710  2\$aUniversity of Alberta.$bDepartment of Anthropology.
=900  \\$aML26995
=949  \\$zUAIN$zETHESIS

