=LDR  01112ntm  2200289I  4500
=001  uab09201531
=003  AEU
=005  20140319134934.0
=006  m|||||o||d||||||||
=007  cr||||||||||||
=008  140319s1983\\\\xx\af\\\obm\\\000\0\eng\d
=040  \\$aAEU$cAEU
=050  \4$aQL959$b.M33 1983
=090  \\$aInternet Access$bAEU
=100  1\$aMacLean, Ian M.,$d1958-
=245  10$aCationized ferritin and phosvitin uptake via coated vesicles in early chick embryo cells$h[electronic resource] /$cby Ian M. MacLean.
=260  \\$cc1983.
=300  \\$a1 online resource (x, 97 p.) :$bill.
=500  \\$a"A thesis submitted to the Faculty of Graduate Studies and Research in partial fulfillment of the requirements for the Degree of Master of Science in Cell Biology, Department of Physiology."
=502  \\$aThesis (M. Sc.)--University of Alberta, 1983.
=504  \\$aIncludes bibliographical references.
=650  \0$aChickens$xEmbryos.
=650  \0$aCoated vesicles.
=650  \0$aFerritin.
=650  \0$aPhosphoproteins.
=710  2\$aUniversity of Alberta.$bDepartment of Physiology.
=900  \\$aML27013
=949  \\$zUAIN$zETHESIS

