=LDR  01044ntm  2200265I  4500
=001  uab09201567
=003  AEU
=005  20140319134934.0
=006  m|||||o||d||||||||
=007  cr||||||||||||
=008  140319s1983\\\\xx\adf\\obm\\\000\0\eng\d
=040  \\$aAEU$cAEU
=050  \4$aQK495.L52$bM37 1983
=090  \\$aInternet Access$bAEU
=100  1\$aMarowitch, Janet,$d1956-
=245  14$aThe effect of temperature on translocation in Phaseolus vulgaris L.$h[electronic resource] /$cby Janet Marowitch.
=260  \\$cc1983.
=300  \\$a1 online resource (ix, 61 p.) :$bill.
=500  \\$a"A thesis submitted to the Faculty of Graduate Studies and Research in partial fulfillment of the requirements for the Degree of Master of Science in Plant Physiology, Botany."
=502  \\$aThesis (M. Sc.)--University of Alberta, 1983.
=504  \\$aIncludes bibliographical references.
=650  \0$aCommon bean$xEffect of temperature on.
=650  \0$aPlant translocation.
=710  2\$aUniversity of Alberta.$bDepartment of Botany.
=900  \\$aML27014
=949  \\$zUAIN$zETHESIS

