=LDR  01115ntm  2200277I  4500
=001  uab09201610
=003  AEU
=005  20140319134934.0
=006  m|||||o||d||||||||
=007  cr||||||||||||
=008  140319s1983\\\\xx\abf\\obm\\\000\0\eng\d
=040  \\$aAEU$cAEU
=043  \\$an-cn-sn
=050  \4$aPF5611$b.W54 1983
=090  \\$aInternet Access$bAEU
=100  1\$aWiebe, Grace Elaine,$d1945-
=245  14$aThe segmental phonemes of Swift Current Mennonite Low German$h[electronic resource] /$cby Grace Elaine Wiebe.
=260  \\$cc1983.
=300  \\$a1 online resource (xi, 150 p.) :$bill., maps
=500  \\$a"A thesis submitted to the Faculty of Graduate Studies and Research in partial fulfillment of the requirements for the Degree of Master of Arts in German Linguistics, Department of Germanic Languages."
=502  \\$aThesis (M.A.)--University of Alberta, 1983.
=504  \\$aIncludes bibliographical references.
=650  \0$aLow German language$xPhonology.
=650  \0$aMennonites$xLanguage$zSaskatchewan.
=710  2\$aUniversity of Alberta.$bDepartment of Germanic Languages.
=900  \\$aML27023
=949  \\$zUAIN$zETHESIS

