=LDR  01275ntm  2200289I  4500
=001  uab09201625
=003  AEU
=005  20140319134934.0
=006  m|||||o||d||||||||
=007  cr||||||||||||
=008  140319s1983\\\\xx\\\\\\obm\\\000\0\eng\d
=040  \\$aAEU$cAEU
=050  \4$aPR3329.G9$bW66 1983
=090  \\$aInternet Access$bAEU
=100  1\$aWoodman, Katherine Anne.
=245  14$aThe influence of Luther and Calvin on John Bunyan's Grace abounding and The pilgrim's progress$h[electronic resource] /$cby K.A. Woodman.
=260  \\$cc1983.
=300  \\$a1 online resource (vi, 116 p.)
=500  \\$a"A thesis submitted to the Faculty of Graduate Studies and Research in partial fulfillment of the requirements for the Degree of Master of Arts, Department of English."
=502  \\$aThesis (M.A.)--University of Alberta, 1983.
=504  \\$aIncludes bibliographical references.
=600  10$aBunyan, John,$d1628-1688.$tGrace abounding to the chief of sinners$xCriticism and interpretation.
=600  10$aBunyan, John,$d1628-1688.$tPilgrim's progress$xCriticism and interpretation.
=600  10$aLuther, Martin,$d1483-1546$xInfluence.
=600  10$aCalvin, Jean,$d1509-1564$xInfluence.
=710  2\$aUniversity of Alberta.$bDepartment of English.
=900  \\$aML27029
=949  \\$zUAIN$zETHESIS

