=LDR  01070ntm  2200289I  4500
=001  uab09201578
=003  AEU
=005  20140319134934.0
=006  m|||||o||d||||||||
=007  cr||||||||||||
=008  140319s1984\\\\xx\adf\\obm\\\000\0\eng\d
=040  \\$aAEU$cAEU
=050  \4$aQP106.2$b.D66 1984
=090  \\$aInternet Access$bAEU
=100  1\$aDoo, Irene,$d1960-
=245  10$aValve orientation effect on blood flow distribution$h[electronic resource] /$cby Irene Doo.
=260  \\$cc1984.
=300  \\$a1 online resource (ix, 50 p.) :$bill.
=500  \\$a"A thesis submitted to the Faculty of Graduate Studies and Research in partial fulfillment of the requirements for the Degree of Master of Science, Department of Mechanical Engineering."
=502  \\$aThesis (M. Sc.)--University of Alberta, 1984.
=504  \\$aIncludes bibliographical references.
=650  \0$aBlood flow.
=650  \0$aHeart valve prosthesis.
=650  \0$aAorta.
=650  \0$aAortic valve.
=710  2\$aUniversity of Alberta.$bDepartment of Mechanical Engineering.
=900  \\$aML27048
=949  \\$zUAIN$zETHESIS

