=LDR  01043ntm  2200277I  4500
=001  uab09201608
=003  AEU
=005  20140319134934.0
=006  m|||||o||d||||||||
=007  cr||||||||||||
=008  140319s1984\\\\xx\adf\\obm\\\000\0\eng\d
=040  \\$aAEU$cAEU
=050  \4$aQR82.R46$bC55 1984
=090  \\$aInternet Access$bAEU
=100  1\$aCliff, Kathleen Mary,$d1958-
=245  10$aCO[subscript 2] fixation in Rhodospirillum rubrum$h[electronic resource] /$cby Kathleen Mary Cliff.
=260  \\$cc1984.
=300  \\$a1 online resource (xi, 102 p.) :$bill.
=500  \\$a"A thesis submitted to the Faculty of Graduate Studies and Research in partial fulfillment of the requirements for the Degree of Master of Science, Department of Genetics."
=502  \\$aThesis (M. Sc.)--University of Alberta, 1984.
=504  \\$aIncludes bibliographical references.
=650  \0$aRhodospirillum rubrum.
=650  \0$aCarbon dioxide.
=650  \0$aRhodospirillum.
=710  2\$aUniversity of Alberta.$bDepartment of Genetics.
=900  \\$aML27050
=949  \\$zUAIN$zETHESIS

