=LDR  01035ntm  2200265I  4500
=001  uab09201674
=003  AEU
=005  20140319134934.0
=006  m|||||o||d||||||||
=007  cr||||||||||||
=008  140319s1984\\\\xx\\\\\\obm\\\000\0\eng\d
=040  \\$aAEU$cAEU
=043  \\$an-cn---
=050  \4$aDS919.2$b.S25 1984
=090  \\$aInternet Access$bAEU
=100  1\$aSalopek, Marijan,$d1955-
=245  12$aA survey of western Canadian concerns and fears during the Korean War, 1950-1953$h[electronic resource] /$cby Marijan Salopek Esq.
=260  \\$cc1984.
=300  \\$a1 online resource (xii, 188 p.)
=500  \\$a"A thesis submitted to the Faculty of Graduate Studies and Research in partial fulfillment of the requirements for the Degree of Master of Arts, Department of History."
=502  \\$aThesis (M.A.)--University of Alberta, 1984.
=504  \\$aIncludes bibliographical references.
=650  \0$aKorean War, 1950-1953$zCanada$xAttitudes.
=710  2\$aUniversity of Alberta.$bDepartment of History.
=900  \\$aML27068
=949  \\$zUAIN$zETHESIS

