=LDR  01388ntm  2200313I  4500
=001  uab09201678
=003  AEU
=005  20140319134934.0
=006  m|||||o||d||||||||
=007  cr||||||||||||
=008  140319s1984\\\\xx\bf\\\obm\\\000\0\eng\d
=040  \\$aAEU$cAEU
=043  \\$an-cn-on$an-cn-sn$an-cn-ab
=050  \4$aKEQ270$b.P37 1984
=090  \\$aInternet Access$bAEU
=100  1\$aPaquette, Wayne G.$q(Wayne Gerard),$d1955-
=245  14$aThe adoption of policies on alien and non-resident land ownership by three provincial governments$h[electronic resource] /$cby Wayne G. Paquette.
=260  \\$cc1984.
=300  \\$a1 online resource (xv, 224 p.) :$bmaps
=500  \\$a"A thesis submitted to the Faculty of Graduate Studies and Research in partial fulfillment of the requirements for the Degree of Master of Arts, Department of Political Science."
=502  \\$aThesis (M.A.)--University of Alberta, 1984.
=504  \\$aIncludes bibliographical references.
=650  \0$aLand tenure$xLaw and legislation$zCanada.
=650  \0$aReal property$zCanada$xForeign ownership.
=650  \0$aLandowners$xLegal status, laws, etc.$zCanada$zAlberta.
=650  \0$aLandowners$xLegal status, laws, etc.$zCanada$zSaskatchewan.
=650  \0$aLandowners$xLegal status, laws, etc.$zCanada$zOntario.
=710  2\$aUniversity of Alberta.$bDepartment of Political Science.
=900  \\$aML27069
=949  \\$zUAIN$zETHESIS

