=LDR  01005ntm  2200253I  4500
=001  uab09201712
=003  AEU
=005  20140319134934.0
=006  m|||||o||d||||||||
=007  cr||||||||||||
=008  140319s1984\\\\xx\adf\\obm\\\000\0\eng\d
=040  \\$aAEU$cAEU
=050  \4$aS592.7$b.C69 1984
=090  \\$aInternet Access$bAEU
=100  1\$aCoy, Garry R.$q(Garry Reginald),$d1949-
=245  10$aAspects of control of protease activity in soil$h[electronic resource] /$cby Garry R. Coy.
=260  \\$cc1984.
=300  \\$a1 online resource (xi, 107 p.) :$bill.
=500  \\$a"A thesis submitted to the Faculty of Graduate Studies and Research in partial fulfillment of the requirements for the Degree of Master of Science in Soil Biochemistry, Department of Soil Science."
=502  \\$aThesis (M. Sc.)--University of Alberta, 1984.
=504  \\$aIncludes bibliographical references.
=650  \0$aSoil biochemistry.
=710  2\$aUniversity of Alberta.$bDepartment of Soil Science.
=900  \\$aML27075
=949  \\$zUAIN$zETHESIS

