=LDR  01128ntm  2200277I  4500
=001  uab09201721
=003  AEU
=005  20140319134934.0
=006  m|||||o||d||||||||
=007  cr||||||||||||
=008  140319s1984\\\\xx\adf\\obm\\\000\0\eng\d
=040  \\$aAEU$cAEU
=050  \4$aRJ216$b.V78 1984
=090  \\$aInternet Access$bAEU
=100  1\$aBrunet, M. Kim$q(Marian Kim),$d1954-
=245  10$aVitamin B-6 intake and blood levels in breast- and formula-fed infants$h[electronic resource] /$cby M. Kim Brunet.
=260  \\$cc1984.
=300  \\$a1 online resource (xi, 79 p.) :$bill.
=500  \\$a"A thesis submitted to the Faculty of Graduate Studies and Research in partial fulfillment of the requirements for the Degree of Master of Science in Nutrition, Faculty of Home Economics."
=502  \\$aThesis (M. Sc.)--University of Alberta, 1984.
=504  \\$aIncludes bibliographical references.
=650  \0$aNewborn infants$xNutrition.
=650  \0$aBottle feeding$xNutritional aspects.
=650  \0$aBreastfeeding$xNutritional aspects.
=710  2\$aUniversity of Alberta.$bFaculty of Home Economics.
=900  \\$aML27076
=949  \\$zUAIN$zETHESIS

