=LDR  01290ntm  2200313I  4500
=001  uab09201732
=003  AEU
=005  20140319134934.0
=006  m|||||o||d||||||||
=007  cr||||||||||||
=008  140319s1984\\\\xx\\\\\\obm\\\000\0\ita\d
=040  \\$aAEU$cAEU
=041  0\$aita$aeng
=050  \4$aPQ4550$b.V47 1984
=090  \\$aInternet Access$bAEU
=100  1\$aVerdicchio, Pasquale,$d1954-
=245  13$aIl Canzoniere petrarchesco$h[electronic resource] :$bdiscorso sulla morte e sulla poesia amorosa /$cby Pasquale Patrizio Verdicchio.
=260  \\$cc1984.
=300  \\$a1 online resource (ix, 89 p.)
=500  \\$aAbstract in English and Italian.
=500  \\$a"A thesis submitted to the Faculty of Graduate Studies and Research in partial fulfillment of the requirements for the Degree of Master of Arts in Italian Literature, Department of Romance Languages."
=502  \\$aThesis (M.A.)--University of Alberta, 1984.
=504  \\$aIncludes bibliographical references.
=600  10$aPetrarca, Francesco,$d1304-1374$xCriticism and interpretation.
=650  \0$aLove poetry, Italian.
=650  \0$aDeath in literature.
=650  \0$aItalian poetry$yTo 1400$xHistory and criticism.
=710  2\$aUniversity of Alberta.$bDepartment of Romance Languages.
=900  \\$aML27078
=949  \\$zUAIN$zETHESIS

