=LDR  01003ntm  2200277I  4500
=001  uab09202152
=003  AEU
=005  20140319134934.0
=006  m|||||o||d||||||||
=007  cr||||||||||||
=008  140319s1984\\\\xx\\\\\\obm\\\000\0\eng\d
=040  \\$aAEU$cAEU
=050  \4$aB373$b.M86 1984
=090  \\$aInternet Access$bAEU
=100  1\$aMunro, Stuart James,$d1957-
=245  12$aA commentary on Plato's Laches$h[electronic resource] /$cby Stuart James Munro.
=260  \\$cc1984.
=300  \\$a1 online resource (viii, 178 p.)
=500  \\$a"A thesis submitted to the Faculty of Graduate Studies and Research in partial fulfillment of the requirements for the Degree of Master of Arts, Department of Political Science."
=502  \\$aThesis (M.A.)--University of Alberta, 1984.
=504  \\$aIncludes bibliographical references.
=600  00$aPlato.$tLaches.
=600  00$aPlato.
=650  \0$aCourage.
=710  2\$aUniversity of Alberta.$bDepartment of Political Science.
=900  \\$aML27081
=949  \\$zUAIN$zETHESIS

