=LDR  01295ntm  2200313I  4500
=001  uab09202155
=003  AEU
=005  20140319134934.0
=006  m|||||o||d||||||||
=007  cr||||||||||||
=008  140319s1984\\\\xx\adf\\obm\\\000\0\eng\d
=040  \\$aAEU$cAEU
=043  \\$an-cn-ab
=050  \4$aTE228$bB33 1984
=090  \\$aInternet Access$bAEU
=100  1\$aBabey, Gordon Michael,$d1954-
=245  10$aCalibration of Robertson's Platoon Dispersion Model for Edmonton, Alberta$h[electronic resource] /$cby Gordon Michael Babey.
=260  \\$cc1984.
=300  \\$a1 online resource (xv, 135 p.) :$bill.
=500  \\$a"A thesis submitted to the Faculty of Graduate Studies and Research in partial fulfillment of the requirements for the Degree of Master of Science in Civil Engineering, Department of Civil Engineering."
=502  \\$aThesis (M. Sc.)--University of Alberta, 1984.
=504  \\$aIncludes bibliographical references.
=650  \0$aElectronic traffic controls$zCanada$zAlberta.
=650  \0$aTraffic flow$zAlberta.
=650  \0$aTraffic estimation$zCanada$zAlberta.
=650  \0$aUrban transportation$zCanada$zAlberta.
=650  \0$aTraffic signs and signals$zCanada$zAlberta.
=710  2\$aUniversity of Alberta.$bDepartment of Civil Engineering.
=900  \\$aML27084
=949  \\$zUAIN$zETHESIS

