=LDR  01131ntm  2200289I  4500
=001  uab09202165
=003  AEU
=005  20140319134934.0
=006  m|||||o||d||||||||
=007  cr||||||||||||
=008  140319s1984\\\\xx\adef\obm\\\000\0\eng\d
=040  \\$aAEU$cAEU
=043  \\$an-cn-ab
=050  \4$aHD7305.A3$bS53 1984
=090  \\$aInternet Access$bAEU
=100  1\$aSicoli, Emma C.,$d1956-
=245  13$aAn evaluation of the Canora neighbourhood improvement project$h[electronic resource] /$cby Emma C. Sicoli.
=260  \\$cc1984.
=300  \\$a1 online resource (xi, 152 p.) :$bill., plans
=500  \\$a"A thesis submitted to the Faculty of Graduate Studies and Research in partial fulfillment of the requirements for the Degree of Master of Arts, Department of Geography."
=502  \\$aThesis (M.A.)--University of Alberta, 1984.
=504  \\$aIncludes bibliographical references.
=650  \0$aHousing rehabilitation$zAlberta$zEdmonton.
=650  \0$aUrban renewal$zAlberta$zEdmonton.
=650  \0$aHousing policy$zAlberta$zEdmonton.
=710  2\$aUniversity of Alberta.$bDepartment of Geography.
=900  \\$aML30129
=949  \\$zUAIN$zETHESIS

