=LDR  01398ntm  2200325I  4500
=001  uab09202167
=003  AEU
=005  20140319134934.0
=006  m|||||o||d||||||||
=007  cr||||||||||||
=008  140319s1984\\\\xx\\\\\\obm\\\000\0\eng\d
=040  \\$aAEU$cAEU
=043  \\$an-cn-ab
=050  \4$aGV722.5.B7$bK65 1984
=090  \\$aInternet Access$bAEU
=100  1\$aKoley, Mark,$d1957-
=245  10$aPower structures and major sporting events in Edmonton$h[electronic resource] /$cby Mark Koley.
=260  \\$cc1984.
=300  \\$a1 online resource (xi, 144, [1] p.)
=500  \\$a"A thesis submitted to the Faculty of Graduate Studies and Research in partial fulfillment of the requirements for the Degree of Master of Arts in Recreation, Recreation and Leisure Studies."
=502  \\$aThesis (M.A.)--University of Alberta, 1984.
=504  \\$aIncludes bibliographical references.
=590  \\$aScanned copy defective: "Appendices I, II, & III has been removed due to poor print quality of the material. These included pages 145-153 as listed in the table of contents."
=650  \0$aSports$zAlberta$zEdmonton.
=650  \0$aBalance of power.
=650  \0$aPower (Social Sciences)$zAlberta$zEdmonton.
=650  \0$aSports$xSocial aspects$zAlberta$zEdmonton.
=650  \0$aSports and State$zAlberta$zEdmonton.
=900  \\$aML37857
=949  \\$zUAIN$zETHESIS
=987  \\$amissing$b710$dNo department specified.

