=LDR  01130ntm  2200301I  4500
=001  uab09202178
=003  AEU
=005  20140319134934.0
=006  m|||||o||d||||||||
=007  cr||||||||||||
=008  140319s1988\\\\xx\abf\\obm\\\000\0\eng\d
=040  \\$aAEU$cAEU
=043  \\$an-cn-ab
=050  \4$aQL430.7.C2$bV67 1988
=090  \\$aInternet Access$bAEU
=100  1\$aVossler, Shawna M.$q(Shawna Marie),$d1964-
=245  10$aIchnology of the Cardium Formation (Pembina area)$h[electronic resource] /$cby Shawna M. Vossler.
=260  \\$cc1988.
=300  \\$a1 online resource (xi, 277 p.) :$bill., maps.
=500  \\$a"A thesis submitted to the Faculty of Graduate Studies and Research in partial fulfillment of the requirements for the Degree of Master of Science, Department of Geology."
=502  \\$aThesis (M. Sc.)--University of Alberta, 1988.
=504  \\$aIncludes bibliographical references.
=650  \0$aCardium$zAlberta.
=650  \0$aGeology, Stratigraphic$yCretaceous.
=650  \0$aIchnology.
=650  \0$aGeology$zAlberta.
=710  2\$aUniversity of Alberta.$bDepartment of Geology.
=900  \\$aML45616
=949  \\$zUAIN$zETHESIS

