=LDR  01005ntm  2200253I  4500
=001  uab09202181
=003  AEU
=005  20140319134934.0
=006  m|||||o||d||||||||
=007  cr||||||||||||
=008  140319s1989\\\\xx\adf\\obm\\\000\0\eng\d
=040  \\$aAEU$cAEU
=050  \4$aQR82.L3$bH65 1989
=090  \\$aInternet Access$bAEU
=100  1\$aHoi, Tammy T. H.,$d1962-
=245  10$aIn vitro adherence of Lactobacillus spp. to rat intestinal cells$h[electronic resource] /$cby Tammy T.H. Hoi.
=260  \\$cc1989.
=300  \\$a1 online resource (xii, 87 p.) :$bill.
=500  \\$a"A thesis submitted to the Faculty of Graduate Studies and Research in partial fulfillment of the requirements for the Degree of Master of Science in Food Microbiology, Department of Food Science."
=502  \\$aThesis (M. Sc.)--University of Alberta, 1989.
=504  \\$aIncludes bibliographical references.
=650  \0$aLactobacillus.
=710  2\$aUniversity of Alberta.$bDepartment of Food Science.
=900  \\$aML55371
=949  \\$zUAIN$zETHESIS

