=LDR  00969ntm  2200265I  4500
=001  uab09201795
=003  AEU
=005  20140319134934.0
=006  m|||||o||d||||||||
=007  cr||||||||||||
=008  140319s1996\\\\xx\a\\\\obm\\\000\0\eng\d
=040  \\$aAEU$cAEU
=050  \4$aQA76.88$b.L44 1996
=090  \\$aInternet Access$bAEU
=100  1\$aLee, Yoo-Shin.
=245  10$aRainbow$h[electronic resource] :$bprototyping the DIOM interoperable system /$cby Yoo-Shin Lee.
=260  \\$cc1996.
=300  \\$a1 online resource (106 p.) :$bill.
=500  \\$a"A thesis submitted to the Faculty of Graduate Studies and Research in partial fulfilment of the requirements for the degree of Master of Science."
=502  \\$aThesis (M. Sc.)--University of Alberta, 1996.
=504  \\$aIncludes bibliographical references.
=650  \0$aHeterogeneous computing.
=650  \0$aMetadata.
=710  2\$aUniversity of Alberta.$bDepartment of Computing Science.
=900  \\$aMM18287
=949  \\$zUAIN$zETHESIS

