=LDR  01108ntm  2200265I  4500
=001  uab09201810
=003  AEU
=005  20140319134934.0
=006  m|||||o||d||||||||
=007  cr||||||||||||
=008  140319s1993\\\\xx\\\\\\obm\\\000\0\eng\d
=040  \\$aAEU$cAEU
=050  \4$aLC5219$b.B75 1993
=090  \\$aInternet Access$bAEU
=100  1\$aBriton, Derek,$d1953-
=245  14$aThe modern practice of adult education$h[electronic resource] :$ba critique of its ideological origins and basis /$cby Derek Briton.
=260  \\$cc1993.
=300  \\$a1 online resource (138 p.)
=500  \\$a"A thesis submitted to the Faculty of Graduate Studies and Research in partial fulfilment of the requirements for the degree of Master of Education in Adult and Higher Education, Department of Adult Career, & Technology Education."
=502  \\$aThesis (M. Ed.)--University of Alberta, 1993.
=504  \\$aIncludes bibliographical references.
=650  \0$aAdult education.
=650  \0$aCritical pedagogy.
=710  2\$aUniversity of Alberta.$bDepartment of Adult Career, & Technology Education.
=900  \\$aMM88361
=949  \\$zUAIN$zETHESIS

