=LDR  01082ntm  2200277I  4500
=001  uab09201990
=003  AEU
=005  20140319134934.0
=006  m|||||o||d||||||||
=007  cr||||||||||||
=008  140319s2000\\\\xx\ad\\\obm\\\000\0\eng\d
=040  \\$aAEU$cAEU
=050  \4$aTK8360.M53$bZ46 2000
=090  \\$aInternet Access$bAEU
=100  1\$aZhou, Tiansheng.
=245  10$aCMOS cantilever microresonator$h[electronic resource] /$cby Tiansheng Zhou.
=260  \\$c2000.
=300  \\$a1 online resource (127 p.) :$bill.
=500  \\$a"A thesis submitted to the Faculty of Graduate Studies and Research in partial fulfilment of the requirements for the degree of Master of Science, Department of Electrical and Computer Engineering."
=502  \\$aThesis (M. Sc.)--University of Alberta, 2000.
=504  \\$aIncludes bibliographical references.
=650  \0$aMicroresonators (Optoelectronics)
=650  \0$aComputer engineering.
=650  \0$aElectrical engineering.
=710  2\$aUniversity of Alberta.$bDepartment of Electrical and Computer Engineering.
=900  \\$aMQ60201
=949  \\$zUAIN$zETHESIS

