=LDR  01086ntm  2200265I  4500
=001  uab09202040
=003  AEU
=005  20140319134934.0
=006  m|||||o||d||||||||
=007  cr||||||||||||
=008  140319s1982\\\\xx\ad\\\obm\\\000\0\eng\d
=040  \\$aAEU$cAEU
=050  \4$aQP303$b.G76 1982
=090  \\$aInternet Access$bAEU
=100  1\$aGros, Hans Josef.
=245  10$aComputerized analysis of the pole vault utilizing biomechanics cinematography and force measurements$h[electronic resource] /$cby Hans Josef Gros.
=260  \\$cc1982.
=300  \\$a1 online resource (xi, 131 p.) :$bill.
=500  \\$a"A thesis submitted to the Faculty of Graduate Studies and Research in partial fulfilment of the requirements for the degree of Doctor of Philosophy, Department of Physical Education."
=502  \\$aThesis (Ph. D.)--University of Alberta, 1982.
=504  \\$aIncludes bibliographical references.
=650  \0$aHuman mechanics.
=650  \0$aCinematography$xScientific applications.
=710  2\$aUniversity of Alberta.$bDepartment of Physical Education.
=900  \\$aNK56811
=949  \\$zUAIN$zETHESIS

