=LDR  01010ntm  2200265I  4500
=001  uab09202045
=003  AEU
=005  20140319134934.0
=006  m|||||o||d||||||||
=007  cr||||||||||||
=008  140319s1982\\\\xx\ad\\\obm\\\000\0\eng\d
=040  \\$aAEU$cAEU
=050  \4$aQR185.8.I56$bC37 1982
=090  \\$aInternet Access$bAEU
=100  1\$aCaplan, Barry.
=245  14$aThe biochemical characterization of interleukin 2$h[electronic resource] /$cby Barry Caplan.
=260  \\$cc1982.
=300  \\$a1 online resource (xiv, 107 p.) :$bill.
=500  \\$a"A thesis submitted to the Faculty of Graduate Studies and Research in partial fulfilment of the requirements for the degree of Doctor of Philosophy in Biochemistry, Department of Biochemistry."
=502  \\$aThesis (Ph. D.)--University of Alberta, 1982.
=504  \\$aIncludes bibliographical references.
=650  \0$aInterleukin-2.
=650  \0$aBiochemistry.
=710  2\$aUniversity of Alberta.$bDepartment of Biochemistry.
=900  \\$aNK56813
=949  \\$zUAIN$zETHESIS

