=LDR  01059ntm  2200277I  4500
=001  uab09202048
=003  AEU
=005  20140319134934.0
=006  m|||||o||d||||||||
=007  cr||||||||||||
=008  140319s1982\\\\xx\ad\\\obm\\\000\0\eng\d
=040  \\$aAEU$cAEU
=050  \4$aQP99.3.L5$bM37 1982
=090  \\$aInternet Access$bAEU
=100  1\$aMarkon, Philippe.
=245  14$aThe effect of fitness and diet information on serum lipids in sedentary adults$h[electronic resource] /$cby Philippe Markon.
=260  \\$cc1982.
=300  \\$a1 online resource (ix, 136 p.) :$bill.
=500  \\$a"A thesis submitted to the Faculty of Graduate Studies and Research in partial fulfilment of the requirements for the degree of Doctor of Philosophy, Faculty of Physical Education."
=502  \\$aThesis (Ph. D.)--University of Alberta, 1982.
=504  \\$aIncludes bibliographical references.
=650  \0$aBlood lipids.
=650  \0$aSedentary people.
=650  \0$aHealth.
=710  2\$aUniversity of Alberta.$bFaculty of Physical Education.
=900  \\$aNK56814
=949  \\$zUAIN$zETHESIS

