=LDR  00980ntm  2200253I  4500
=001  uab09202054
=003  AEU
=005  20140319134934.0
=006  m|||||o||d||||||||
=007  cr||||||||||||
=008  140319s1982\\\\xx\ad\\\obm\\\000\0\eng\d
=040  \\$aAEU$cAEU
=050  \4$aQD172.T6$bH45 1982
=090  \\$aInternet Access$bAEU
=100  1\$aHeinekey, Dennis Michael.
=245  10$aCycloheptatrienyl complexes of transition metals$h[electronic resource] /$cby Dennis Michael Heinekey.
=260  \\$cc1982.
=300  \\$a1 online resource (xvi, 271 p.) :$bill.
=500  \\$a"A thesis submitted to the Faculty of Graduate Studies and Research in partial fulfilment of the requirements for the degree of Doctor of Philosophy, Department of Chemistry."
=502  \\$aThesis (Ph. D.)--University of Alberta, 1982.
=504  \\$aIncludes bibliographical references.
=650  \0$aTransition metals.
=710  2\$aUniversity of Alberta.$bDepartment of Chemistry.
=900  \\$aNK56815
=949  \\$zUAIN$zETHESIS

