=LDR  01096ntm  2200277I  4500
=001  uab09201668
=003  AEU
=005  20140319134934.0
=006  m|||||o||d||||||||
=007  cr||||||||||||
=008  140319s1982\\\\xx\adf\\obm\\\000\0\eng\d
=040  \\$aAEU$cAEU
=050  \4$aQL638.C94$bK95 1982
=090  \\$aInternet Access$bAEU
=100  1\$aKyle, Ann L.$q(Ann Lucy),$d1952-
=245  10$aPsychoneuroendocrinology of spawning behaviour in the male goldfish$h[electronic resource] /$cby Ann L. Kyle.
=260  \\$cc1982.
=300  \\$a1 online resource (xii, 91 p.) :$bill.
=500  \\$a"A thesis submitted to the Faculty of Graduate Studies and Research in partial fulfillment of the requirements for the Degree of Doctor of Philosophy, Department of Zoology."
=502  \\$aThesis (Ph. D.)--University of Alberta, 1982.
=504  \\$aIncludes bibliographical references.
=650  \0$aGoldfish$xBehavior$xEndocrine aspects.
=650  \0$aGoldfish$xSexual behavior.
=650  \0$aPsychoneuroendocrinology.
=710  2\$aUniversity of Alberta.$bDepartment of Zoology.
=900  \\$aNK56829
=949  \\$zUAIN$zETHESIS

