=LDR  01084ntm  2200265I  4500
=001  uab09201680
=003  AEU
=005  20140319134934.0
=006  m|||||o||d||||||||
=007  cr||||||||||||
=008  140319s1982\\\\xx\\\\\\obm\\\000\0\eng\d
=040  \\$aAEU$cAEU
=050  \4$aHQ23$b.L56 1982
=090  \\$aInternet Access$bAEU
=100  1\$aLindsay, Rod C. L.$q(Roderick Cameron Lodge),$d1946-
=245  10$aSalience as a mediator of perceived source of arousal$h[electronic resource] /$cby Roderick Cameron Lodge Lindsay.
=260  \\$cc1982.
=300  \\$a1 online resource (ix, 69 p.)
=500  \\$a"A thesis submitted to the Faculty of Graduate Studies and Research in partial fulfillment of the requirements for the Degree of Doctor of Philosophy, Department of Psychology."
=502  \\$aThesis (Ph. D.)--University of Alberta, 1982.
=504  \\$aIncludes bibliographical references.
=650  \0$aSexual excitement$xPsychological aspects.
=650  \0$aDiscourse analysis$xSocial aspects.
=710  2\$aUniversity of Alberta.$bDepartment of Psychology.
=900  \\$aNK56833
=949  \\$zUAIN$zETHESIS

