=LDR  01041ntm  2200265I  4500
=001  uab09201710
=003  AEU
=005  20140319134934.0
=006  m|||||o||d||||||||
=007  cr||||||||||||
=008  140319s1982\\\\xx\adf\\obm\\\000\0\eng\d
=040  \\$aAEU$cAEU
=050  \4$aSF494$b.T46 1982
=090  \\$aInternet Access$bAEU
=100  1\$aThomas, Daisy.
=245  10$aUtilization of dietary phosphorus by poultry$h[electronic resource] /$cby Daisy Thomas.
=260  \\$cc1982.
=300  \\$a1 online resource (xiv, 139 p.) :$bill.
=500  \\$a"A thesis submitted to the Faculty of Graduate Studies and Research in partial fulfillment of the requirements for the Degree of Doctor of Philosophy in Poultry Nutrition, Department of Animal Science."
=502  \\$aThesis (Ph. D.)--University of Alberta, 1982.
=504  \\$aIncludes bibliographical references.
=650  \0$aPoultry$xFeeding and feeds.
=650  \0$aPhosphorus in animal nutrition.
=710  2\$aUniversity of Alberta.$bDepartment of Animal Science.
=900  \\$aNK56931
=949  \\$zUAIN$zETHESIS

