=LDR  01013ntm  2200265I  4500
=001  uab09201714
=003  AEU
=005  20140319134934.0
=006  m|||||o||d||||||||
=007  cr||||||||||||
=008  140319s1982\\\\xx\\\\\\obm\\\000\0\eng\d
=040  \\$aAEU$cAEU
=050  \4$aPR9214$b.S56 1982
=090  \\$aInternet Access$bAEU
=100  1\$aSingh, Sydney Omar,$d1943-
=245  10$aFiction and society$h[electronic resource] :$ba study of the West Indian novel /$cby Sydney O. Singh.
=260  \\$cc1982.
=300  \\$a1 online resource (viii, 349 p.)
=500  \\$a"A thesis submitted to the Faculty of Graduate Studies and Research in partial fulfillment of the requirements for the Degree of Doctor of Philosophy, Department of English."
=502  \\$aThesis (Ph. D.)--University of Alberta, 1982.
=504  \\$aIncludes bibliographical references.
=650  \0$aAuthors, West Indian.
=650  \0$aFiction$xSocial aspects.
=710  2\$aUniversity of Alberta.$bDepartment of English.
=900  \\$aNK56932
=949  \\$zUAIN$zETHESIS

