=LDR  01178ntm  2200289I  4500
=001  uab09201734
=003  AEU
=005  20140319134934.0
=006  m|||||o||d||||||||
=007  cr||||||||||||
=008  140319s1982\\\\xx\afj\\obm\\\000\0\eng\d
=040  \\$aAEU$cAEU
=050  \4$aQL537.D76$bT56 1982
=090  \\$aInternet Access$bAEU
=100  1\$aTiong, Stanley Y. K.$q(Stanley Yieng King),$d1952-
=245  10$aEffect of the bithorax mutation on determination in duplicating Drosophila imaginal discs$h[electronic resource] /$cby Stanley Y.K. Tiong.
=260  \\$cc1982.
=300  \\$a1 online resource (x, 122 p.) :$bill., geneal. table
=500  \\$a"A thesis submitted to the Faculty of Graduate Studies and Research in partial fulfillment of the requirements for the Degree of Doctor of Philosophy, Department of Genetics."
=502  \\$aThesis (Ph. D.)--University of Alberta, 1982.
=504  \\$aIncludes bibliographical references.
=650  \0$aDrosophila$xLarvae$xPhysiology.
=650  \0$aDrosophila$xEmbryology.
=650  \0$aDrosophila$xGenetics.
=650  \0$aThorax (Zoology)
=710  2\$aUniversity of Alberta.$bDepartment of Genetics.
=900  \\$aNK56957
=949  \\$zUAIN$zETHESIS

