=LDR  01074ntm  2200277I  4500
=001  uab09201756
=003  AEU
=005  20140319134934.0
=006  m|||||o||d||||||||
=007  cr||||||||||||
=008  140319s1982\\\\xx\bf\\\obm\\\000\0\eng\d
=040  \\$aAEU$cAEU
=043  \\$an-cn---
=050  \4$aHD7287.72.C2$bS67 1982
=090  \\$aInternet Access$bAEU
=100  1\$aSpronk, Barbara Jane,$d1947-
=245  10$aHousing co-operatives and condominiums$h[electronic resource] :$bcorporate groups and community /$cby Barbara Jane Spronk.
=260  \\$cc1982.
=300  \\$a1 online resource (xiii, 215 p.) :$bmaps
=500  \\$a"A thesis submitted to the Faculty of Graduate Studies and Research in partial fulfillment of the requirements for the Degree of Doctor of Philosophy, Anthropology."
=502  \\$aThesis (Ph. D.)--University of Alberta, 1982.
=504  \\$aIncludes bibliographical references.
=650  \0$aHousing, Cooperative$zCanada.
=650  \0$aCondominiums$zCanada.
=710  2\$aUniversity of Alberta.$bDepartment of Anthropology.
=900  \\$aNK56964
=949  \\$zUAIN$zETHESIS

