=LDR  01158ntm  2200301I  4500
=001  uab09201759
=003  AEU
=005  20140319134934.0
=006  m|||||o||d||||||||
=007  cr||||||||||||
=008  140319s1982\\\\xx\adef\obm\\\000\0\eng\d
=040  \\$aAEU$cAEU
=050  \4$aQK477.2.A6$bS66 1982
=090  \\$aInternet Access$bAEU
=100  1\$aSong, Se Jong.
=245  10$aClimatic significance of hydrogen and oxygen isotopic ratios in tree rings$h[electronic resource] /$cby Se Jong Song.
=260  \\$cc1982.
=300  \\$a1 online resource (xvii, 211 p.) :$bill., plans
=500  \\$a"A thesis submitted to the Faculty of Graduate Studies and Research in partial fulfillment of the requirements for the Degree of Doctor of Philosophy in Physics (Geophysics), Department of Physics."
=502  \\$aThesis (Ph. D.)--University of Alberta, 1982.
=504  \\$aIncludes bibliographical references.
=650  \0$aTree-rings.
=650  \0$aTrees$xHydrogen content.
=650  \0$aTrees$xOxygen content.
=650  \0$aHydrogen$xIsotopes.
=650  \0$aOxygen$xIsotopes.
=710  2\$aUniversity of Alberta.$bDepartment of Physics.
=900  \\$aNK56967
=949  \\$zUAIN$zETHESIS

