=LDR  01163ntm  2200301I  4500
=001  uab09201765
=003  AEU
=005  20140319134934.0
=006  m|||||o||d||||||||
=007  cr||||||||||||
=008  140319s1982\\\\xx\adf\\obm\\\000\0\eng\d
=040  \\$aAEU$cAEU
=050  \4$aTA660.F73$bL35 1982
=090  \\$aInternet Access$bAEU
=100  1\$aLai, Shu-Ming Albert,$d1956-
=245  10$aGeometric non-linearity in multistorey frames$h[electronic resource] /$cby Shu-Ming Albert Lai.
=260  \\$cc1982.
=300  \\$a1 online resource (xviii, 287, [1] p.) :$bill.
=500  \\$a"A thesis submitted to the Faculty of Graduate Studies and Research in partial fulfillment of the requirements for the Degree of Doctor of Philosophy, Department of Civil Engineering."
=500  \\$aVita.
=502  \\$aThesis (Ph. D.)--University of Alberta, 1982.
=504  \\$aIncludes bibliographical references.
=590  \\$aScanned copy imperfect: weak or faded print.
=650  \0$aStructural frames.
=650  \0$aTall buildings.
=650  \0$aElastic analysis (Engineering)
=710  2\$aUniversity of Alberta.$bDepartment of Civil Engineering.
=900  \\$aNK60239
=949  \\$zUAIN$zETHESIS

