=LDR  01108ntm  2200277I  4500
=001  uab09201770
=003  AEU
=005  20140319134934.0
=006  m|||||o||d||||||||
=007  cr||||||||||||
=008  140319s1982\\\\xx\df\\\obm\\\000\0\eng\d
=040  \\$aAEU$cAEU
=050  \4$aQH455$b.G65 1982
=090  \\$aInternet Access$bAEU
=100  1\$aGolding, Geoffrey Brian,$d1953-
=245  14$aThe application of identity coefficients to problems in population genetics$h[electronic resource] /$cby Geoffrey Brian Golding.
=260  \\$cc1982.
=300  \\$a1 online resource (xii, 148 p.) :$bill.
=500  \\$a"A thesis submitted to the Faculty of Graduate Studies and Research in partial fulfillment of the requirements for the Degree of Doctor of Philosophy, Department of Genetics."
=502  \\$aThesis (Ph. D.)--University of Alberta, 1982.
=504  \\$aIncludes bibliographical references.
=590  \\$aScanned copy imperfect: weak or faded print.
=650  \0$aPopulation genetics.
=650  \0$aGenetics$xResearch.
=710  2\$aUniversity of Alberta.$bDepartment of Genetics.
=900  \\$aNK60241
=949  \\$zUAIN$zETHESIS

