=LDR  01051ntm  2200265I  4500
=001  uab09201773
=003  AEU
=005  20140319134934.0
=006  m|||||o||d||||||||
=007  cr||||||||||||
=008  140319s1982\\\\xx\adf\\obm\\\000\0\eng\d
=040  \\$aAEU$cAEU
=050  \4$aQE538.5$b.K45 1982
=090  \\$aInternet Access$bAEU
=100  1\$aKelamis, Panayotis G.$q(Panayotis George),$d1958-
=245  10$aAttenuation of seismic waves and generalized ray theory$h[electronic resource] /$cby Panayotis G. Kelamis.
=260  \\$cc1982.
=300  \\$a1 online resource (x, 161 p.) :$bill.
=500  \\$a"A thesis submitted to the Faculty of Graduate Studies and Research in partial fulfillment of the requirements for the Degree of Doctor of Philosophy in Geophysics, Department of Physics."
=502  \\$aThesis (Ph. D.)--University of Alberta, 1982.
=504  \\$aIncludes bibliographical references.
=650  \0$aSeismic waves.
=650  \0$aAttenuation (Physics)
=710  2\$aUniversity of Alberta.$bDepartment of Physics.
=900  \\$aNK60260
=949  \\$zUAIN$zETHESIS

