=LDR  01382ntm  2200325I  4500
=001  uab09201789
=003  AEU
=005  20140319134934.0
=006  m|||||o||d||||||||
=007  cr||||||||||||
=008  140319s1982\\\\xx\adf\\obm\\\000\0\eng\d
=040  \\$aAEU$cAEU
=050  \4$aQL638.C94$bH66 1982
=090  \\$aInternet Access$bAEU
=100  1\$aHontela, Alice.
=245  10$aRegulation and physiological significance of daily cycles in gonadotropin hormone levels in the female goldfish$h[electronic resource] /$cby Alice Hontela.
=260  \\$cc1982.
=300  \\$a1 online resource ([1], xiii, 173 p.) :$bill.
=500  \\$a"A thesis submitted to the Faculty of Graduate Studies and Research in partial fulfillment of the requirements for the Degree of Doctor of Philosophy, Department of Zoology."
=500  \\$aIncludes letter of permission to reproduce images on p. 162-173.
=500  \\$aIncludes appendix with seperate article on p. 162-173.
=502  \\$aThesis (Ph. D.)--University of Alberta, 1982.
=504  \\$aIncludes bibliographical references.
=590  \\$aScanned copy imperfect: "Poor Copy" stamped on several pages.
=650  \0$aGoldfish.
=650  \0$aGonadotropin$xSecretion$xRegulation.
=650  \0$aGonadotropin$xPhysiological effect.
=700  12$aPeter, R. E.
=710  2\$aUniversity of Alberta.$bDepartment of Zoology.
=900  \\$aNK60282
=949  \\$zUAIN$zETHESIS

