=LDR  01332ntm  2200313I  4500
=001  uab09201915
=003  AEU
=005  20140319134934.0
=006  m|||||o||d||||||||
=007  cr||||||||||||
=008  140319s1982\\\\xx\adf\\obm\\\000\0\eng\d
=040  \\$aAEU$cAEU
=043  \\$ap------
=050  \4$aQL638.G7$bC65 1982
=090  \\$aInternet Access$bAEU
=100  1\$aCole, Kathleen S.$q(Kathleen Sabina),$d1950-
=245  10$aTerritoriality and social behaviour in a temperate zone Pacific goby, Coryphopterus nicholsi$h[electronic resource] /$cby Kathleen Sabina Cole.
=260  \\$cc1982.
=300  \\$a1 online resource (xiv, 187 p.) :$bill.
=500  \\$a"A thesis submitted to the Faculty of Graduate Studies and Research in partial fulfillment of the requirements for the Degree of Doctor of Philosophy, Department of Zoology."
=502  \\$aThesis (Ph. D.)--University of Alberta, 1982.
=504  \\$aIncludes bibliographical references.
=590  \\$aScanned copy imperfect: "Poor Copy" stamped on several pages.
=650  \0$aGobiidae$xTerritoriality$zPacific Ocean.
=650  \0$aGobiidae$xSocial aspects$zPacific Ocean.
=650  \0$aFishes$xTerritoriality$zPacific Ocean.
=650  \0$aSocial behavior in animals$zPacific Ocean.
=710  2\$aUniversity of Alberta.$bDepartment of Zoology.
=900  \\$aNK60357
=949  \\$zUAIN$zETHESIS

