=LDR  01327ntm  2200301I  4500
=001  uab09201937
=003  AEU
=005  20140319134934.0
=006  m|||||o||d||||||||
=007  cr||||||||||||
=008  140319s1983\\\\xx\adf\\obm\\\000\0\eng\d
=040  \\$aAEU$cAEU
=050  \4$aRS431.R34$bA27 1983
=090  \\$aInternet Access$bAEU
=100  1\$aAbrams, Douglas Norman.
=245  10$aSynthesis and evaluation of some radiohalogenated 2'-halo-2'-deoxyuridine and 6-halouracil analogues as tumor diagnostic radiopharmaceuticals$h[electronic resource] /$cby Douglas Norman Abrams.
=260  \\$cc1983.
=300  \\$a1 online resource (xxiii, 201 p.) :$bill.
=500  \\$a"A thesis submitted to the Faculty of Graduate Studies and Research in partial fulfillment of the requirements for the Degree of Doctor of Philosophy in Pharmaceutical Sciences (Bionucleonics), Faculty of Pharmacy and Pharmaceutical Sciences."
=502  \\$aThesis (Ph. D.)--University of Alberta, 1983.
=504  \\$aIncludes bibliographical references.
=650  \0$aRadiopharmaceuticals$xSynthesis.
=650  \0$aRadiopharmaceuticals$xAnalysis.
=650  \0$aTumors$xDiagnosis.
=650  \0$aDiagnosis, Noninvasive.
=650  \0$aHalogens.
=710  2\$aUniversity of Alberta.$bFaculty of Pharmacy and Pharmaceutical Sciences.
=900  \\$aNK63834
=949  \\$zUAIN$zETHESIS

