=LDR  01022ntm  2200265I  4500
=001  uab09201944
=003  AEU
=005  20140319134934.0
=006  m|||||o||d||||||||
=007  cr||||||||||||
=008  140319s1983\\\\xx\af\\\obm\\\000\0\eng\d
=040  \\$aAEU$cAEU
=050  \4$aHC79.P6$bP66 1983
=090  \\$aInternet Access$bAEU
=100  1\$aPong, Raymond W.,$d1943-
=245  10$aExplaining poverty$h[electronic resource] :$ba sociological perspective on causal attribution /$cby Raymond W. Pong.
=260  \\$cc1983.
=300  \\$a1 online resource (x, 206 p.) :$bill.
=500  \\$a"A thesis submitted to the Faculty of Graduate Studies and Research in partial fulfillment of the requirements for the Degree of Doctor of Philosophy, Department of Sociology."
=502  \\$aThesis (Ph. D.)--University of Alberta, 1983.
=504  \\$aIncludes bibliographical references.
=650  \0$aPoverty.
=650  \0$aPoverty$xSocial aspects.
=710  2\$aUniversity of Alberta.$bDepartment of Sociology.
=900  \\$aNK63836
=949  \\$zUAIN$zETHESIS

