=LDR  01041ntm  2200265I  4500
=001  uab09201947
=003  AEU
=005  20140319134934.0
=006  m|||||o||d||||||||
=007  cr||||||||||||
=008  140319s1983\\\\xx\\\\\\obm\\\000\0\eng\d
=040  \\$aAEU$cAEU
=050  \4$aPR9199.3.S33$bZ934 1983
=090  \\$aInternet Access$bAEU
=100  1\$aWeis, Lyle,$d1947-
=245  10$aD.C. Scott and the desire for a sense of order$h[electronic resource] /$cby Lyle Percy Weis.
=260  \\$cc1983.
=300  \\$a1 online resource (xiv, 323 p.)
=500  \\$a"A thesis submitted to the Faculty of Graduate Studies and Research in partial fulfillment of the requirements for the Degree of Doctor of Philosophy, Department of English."
=502  \\$aThesis (Ph. D.)--University of Alberta, 1983.
=504  \\$aIncludes bibliographical references.
=600  10$aScott, Duncan Campbell,$d1862-1947$xCriticism and interpretation.
=650  \0$aOrder in literature.
=710  2\$aUniversity of Alberta.$bDepartment of English.
=900  \\$aNK63840
=949  \\$zUAIN$zETHESIS

