=LDR  01176ntm  2200301I  4500
=001  uab09201970
=003  AEU
=005  20140319134934.0
=006  m|||||o||d||||||||
=007  cr||||||||||||
=008  140319s1983\\\\xx\adf\\obm\\\000\0\eng\d
=040  \\$aAEU$cAEU
=050  \4$aQD181.S6$bD86 1983
=090  \\$aInternet Access$bAEU
=100  1\$aDunn, John Todd,$d1952-
=245  10$aInvestigations of the chemistry of silicate melts$h[electronic resource] :$bkinetics, structure and redox equilibria /$cby John Todd Dunn.
=260  \\$cc1983.
=300  \\$a1 online resource (xiii, 148 p.) :$bill.
=500  \\$a"A thesis submitted to the Faculty of Graduate Studies and Research in partial fulfillment of the requirements for the Degree of Doctor of Philosophy, Department of Geology."
=502  \\$aThesis (Ph. D.)--University of Alberta, 1983.
=504  \\$aIncludes bibliographical references.
=590  \\$aScanned copy imperfect: weak or faded print.
=650  \0$aSilicates.
=650  \0$aChemical kinetics.
=650  \0$aSilicates$xStructure.
=650  \0$aChemical equilibrium.
=710  2\$aUniversity of Alberta.$bDepartment of Geology.
=900  \\$aNK63864
=949  \\$zUAIN$zETHESIS

