=LDR  01340ntm  2200325I  4500
=001  uab09201986
=003  AEU
=005  20140319134934.0
=006  m|||||o||d||||||||
=007  cr||||||||||||
=008  140319s1983\\\\xx\adf\\obm\\\000\0\eng\d
=040  \\$aAEU$cAEU
=050  \4$aQD181.S1$bG74 1983
=090  \\$aInternet Access$bAEU
=100  1\$aGreen, Martina,$d1954-
=245  10$aReactions of sulfur atoms with 1,2-butadiene, dimethylsulfide and thietane$h[electronic resource] /$cby Martina Green.
=260  \\$cc1983.
=300  \\$a1 online resource (xix, 276 p.) :$bill.
=500  \\$a"A thesis submitted to the Faculty of Graduate Studies and Research in partial fulfillment of the requirements for the Degree of Doctor of Philosophy in Chemistry, Department of Chemistry."
=500  \\$a"P. 275-6 ... have been removed due to lack of copyright permission ..."--P. 276.
=502  \\$aThesis (Ph. D.)--University of Alberta, 1983.
=504  \\$aIncludes bibliographical references.
=590  \\$aScanned copy imperfect: weak or faded print.
=650  \0$aSulfur$xReactivity.
=650  \0$aButadiene$xReactivity.
=650  \0$aDimethyl sulfide$xReactivity.
=650  \0$aHeterocyclic compounds$xReactivity.
=650  \0$aChemical reactions.
=710  2\$aUniversity of Alberta.$bDepartment of Chemistry.
=900  \\$aNK63866
=949  \\$zUAIN$zETHESIS

