=LDR  01079ntm  2200265I  4500
=001  uab09202310
=003  AEU
=005  20140319134934.0
=006  m|||||o||d||||||||
=007  cr||||||||||||
=008  140319s1983\\\\xx\adf\\obm\\\000\0\eng\d
=040  \\$aAEU$cAEU
=050  \4$aQD96.I47$bC46 1983
=090  \\$aInternet Access$bAEU
=100  1\$aChoot, Ewe Hin,$d1955-
=245  10$aSpectral characterization, evaluation and fundamental studies of mixed gas inductively coupled plasmas$h[electronic resource] /$cby Ewe Hin Choot.
=260  \\$cc1983.
=300  \\$a1 online resource (xxvii, 378 p.) :$bill.
=500  \\$a"A thesis submitted to the Faculty of Graduate Studies and Research in partial fulfillment of the requirements for the Degree of Doctor of Philosophy, Department of Chemistry."
=502  \\$aThesis (Ph. D.)--University of Alberta, 1983.
=504  \\$aIncludes bibliographical references.
=650  \0$aInductively coupled plasma spectrometry.
=650  \0$aGases$xAnalysis.
=710  2\$aUniversity of Alberta.$bDepartment of Chemistry.
=900  \\$aNK63895
=949  \\$zUAIN$zETHESIS

