=LDR  01359ntm  2200313I  4500
=001  uab09202323
=003  AEU
=005  20140319134934.0
=006  m|||||o||d||||||||
=007  cr||||||||||||
=008  140319s1983\\\\xx\abfj\obm\\\000\0\eng\d
=040  \\$aAEU$cAEU
=050  \4$aQL596.D9$bR68 1983
=090  \\$aInternet Access$bAEU
=100  1\$aRoughley, R. E.$q(Robert Edward),$d1950-
=245  10$aClassification, phylogeny and zoogeography of the world species of Dytiscus Linnaeus (Coleoptera: Dytiscidae)$h[electronic resource] /$cby R.E. Roughley.
=260  \\$cc1983.
=300  \\$a1 online resource ([1], xix, 351 p.) :$bill., geneal. tables, maps
=500  \\$a"A thesis submitted to the Faculty of Graduate Studies and Research in partial fulfillment of the requirements for the Degree of Doctor of Philosophy, Department of Entomology."
=500  \\$aVita.
=502  \\$aThesis (Ph. D.)--University of Alberta, 1983.
=504  \\$aIncludes bibliographical references.
=590  \\$aScanned copy imperfect: "Poor Copy" stamped on several pages.
=590  \\$aScanned copy defective: 2 pages between p. 314 and 330 wanting.
=650  \0$aDytiscidae$vClassification.
=650  \0$aDytiscidae$xPhylogeny.
=650  \0$aDytiscidae$xGeographical distribution.
=710  2\$aUniversity of Alberta.$bDepartment of Entomology.
=900  \\$aNK63906
=949  \\$zUAIN$zETHESIS

