=LDR  01445ntm  2200325I  4500
=001  uab09202331
=003  AEU
=005  20140319134934.0
=006  m|||||o||d||||||||
=007  cr||||||||||||
=008  140319s1983\\\\xx\df\\\obm\\\000\0\eng\d
=040  \\$aAEU$cAEU
=043  \\$as-bl---
=050  \4$aF2538.25$b.Z57 1983
=090  \\$aInternet Access$bAEU
=100  1\$aZirker, Daniel.
=245  10$aMilitary authoritarianism and development$h[electronic resource] :$bnortheast Brazil, 1964-1974 /$cby Daniel Gates Zirker.
=260  \\$cc1983.
=300  \\$a1 online resource (xxiv, 613 p.) :$bill.
=500  \\$a"A thesis submitted to the Faculty of Graduate Studies and Research in partial fulfillment of the requirements for the Degree of Doctor of Philosophy, Department of Political Science."
=500  \\$a"Page five has been removed due to lack of available copyright permission."--P. 5.
=500  \\$a"Page three hundred fifty three has been removed due to lack of available copyright permission."--P. 353.
=502  \\$aThesis (Ph. D.)--University of Alberta, 1983.
=504  \\$aIncludes bibliographical references.
=650  \0$aAuthoritarianism$zBrazil$y1964-1985.
=650  \0$aMilitary administration$zBrazil$y1964-1985.
=650  \0$aEconomic development$zBrazil$y1964-1985.
=651  \0$aBrazil$xEconomic conditions$y1964-1985.
=710  2\$aUniversity of Alberta.$bDepartment of Political Science.
=900  \\$aNK63909
=949  \\$zUAIN$zETHESIS

