=LDR  01185ntm  2200265I  4500
=001  uab09202341
=003  AEU
=005  20140319134934.0
=006  m|||||o||d||||||||
=007  cr||||||||||||
=008  140319s1983\\\\xx\adef\obm\\\000\0\eng\d
=040  \\$aAEU$cAEU
=050  \4$aRM301.55$b.P74 1983
=090  \\$aInternet Access$bAEU
=100  1\$aPrelusky, Daniel Brian,$d1956-
=245  14$aThe utilization of in vitro models for mammalian drug metabolism studies$h[electronic resource] /$cby Daniel Brian Prelusky.
=260  \\$cc1983.
=300  \\$a1 online resource (xxxii, 373 p.) :$bill., plans
=500  \\$a"A thesis submitted to the Faculty of Graduate Studies and Research in partial fulfillment of the requirements for the Degree of Doctor of Philosophy in Pharmaceutical Sciences (Drug Metabolism), Faculty of Pharmacy and Pharmaceutical Sciences."
=502  \\$aThesis (Ph. D.)--University of Alberta, 1983.
=504  \\$aIncludes bibliographical references.
=590  \\$aScanned copy imperfect: p. 87 scanned in twice.
=650  \0$aDrugs$xMetabolism$xResearch.
=710  2\$aUniversity of Alberta.$bFaculty of Pharmacy and Pharmaceutical Sciences.
=900  \\$aNK63920
=949  \\$zUAIN$zETHESIS

