=LDR  01144ntm  2200265I  4500
=001  uab09202268
=003  AEU
=005  20140319134934.0
=006  m|||||o||d||||||||
=007  cr||||||||||||
=008  140319s1983\\\\xx\ad\\\obm\\\000\0\eng\d
=040  \\$aAEU$cAEU
=050  \4$aQD415$b.C46 1983
=090  \\$aInternet Access$bAEU
=100  1\$aChong, Pele Choi-sing,$d1954-
=245  10$aDesign, synthesis and application of new heterobifunctional photoaffinity probe for the studies of protein-protein interactions involved in the actin-linked calcium-regulated system of muscle contraction$h[electronic resource] /$cby Pele Choi-sing Chong.
=260  \\$cc1983.
=300  \\$a1 online resource (xxvii, 229) :$bill.
=500  \\$a"A thesis submitted to the Faculty of Graduate Studies and Research in partial fulfillment of the requirements for the Degree of Doctor of Philosophy, Biochemistry."
=502  \\$aThesis (Ph. D.)--University of Alberta, 1983.
=504  \\$aIncludes bibliographical references.
=650  \0$aBiochemistry.
=650  \0$aMuscle contraction.
=900  \\$aNK63938
=949  \\$zUAIN$zETHESIS
=987  \\$amissing$b710$dNo department specified.

