=LDR  01061ntm  2200265I  4500
=001  uab09202353
=003  AEU
=005  20140319134934.0
=006  m|||||o||d||||||||
=007  cr||||||||||||
=008  140319s1983\\\\xx\abd\\obm\\\000\0\eng\d
=040  \\$aAEU$cAEU
=043  \\$an-cnp--
=050  \4$aHD9734.C22$bA33 1983
=090  \\$aInternet Access$bAEU
=100  1\$aAjao, Adenihun Olanrewaju.
=245  10$aFirm and product age distributions of selected growth manufacturing industries in the Prairies$h[electronic resource] /$cby Adenihun Ajao.
=260  \\$cc1983.
=300  \\$a1 online resource (xix, 433 p.) :$bill., map
=500  \\$a"A thesis submitted to the Faculty of Graduate Studies and Research in partial fulfillment of the requirements for the Degree of Doctor of Philosophy, Geography."
=502  \\$aThesis (Ph. D.)--University of Alberta, 1983.
=504  \\$aIncludes bibliographical references.
=650  \0$aManufacturing industries$zPrairie Provinces.
=710  2\$aUniversity of Alberta.$bDepartment of Geography.
=900  \\$aNK63956
=949  \\$zUAIN$zETHESIS

