=LDR  01093ntm  2200277I  4500
=001  uab09202411
=003  AEU
=005  20140319134934.0
=006  m|||||o||d||||||||
=007  cr||||||||||||
=008  140319s1983\\\\xx\abd\\obm\\\000\0\eng\d
=040  \\$aAEU$cAEU
=043  \\$an-cn-ab
=050  \4$aQK495.E68$bH37 1983
=090  \\$aInternet Access$bAEU
=100  1\$aHarter, John Edward,$d1945-
=245  10$aComparative autecology of Cassiope spp. at treeline in Jasper National Park, Alberta$h[electronic resource] /$cby John Edward Harter.
=260  \\$cc1983.
=300  \\$a1 online resource (xix, 267 p.) :$bill., maps
=500  \\$a"A thesis submitted to the Faculty of Graduate Studies and Research in partial fulfillment of the requirements for the Degree of Doctor of Philosophy in Plant Ecology, Department of Botany."
=502  \\$aThesis (Ph. D.)--University of Alberta, 1983.
=504  \\$aIncludes bibliographical references.
=650  \0$aEricaceae.
=651  \0$aJasper National Park (Alta.)
=710  2\$aUniversity of Alberta.$bDepartment of Botany.
=900  \\$aNK63969
=949  \\$zUAIN$zETHESIS

