=LDR  01048ntm  2200265I  4500
=001  uab09202444
=003  AEU
=005  20140319134934.0
=006  m|||||o||d||||||||
=007  cr||||||||||||
=008  140319s1983\\\\xx\ad\\\obm\\\000\0\eng\d
=040  \\$aAEU$cAEU
=050  \4$aQP111.4$b.B94 1983
=090  \\$aInternet Access$bAEU
=100  1\$aByers, David Mitchell,$d1954-
=245  10$aHydrodynamic properties of bovine cardiac troponin and its subunits$h[electronic resource] /$cby David Mitchell Byers.
=260  \\$cc1983.
=300  \\$a1 online resource (xviii, 172 p.) :$bill.
=500  \\$a"A thesis submitted to the Faculty of Graduate Studies and Research in partial fulfillment of the requirements for the Degree of Doctor of Philosophy, Department of Biochemistry."
=502  \\$aThesis (Ph. D.)--University of Alberta, 1983.
=504  \\$aIncludes bibliographical references.
=650  \0$aHeart$xContraction$xRegulation.
=650  \0$aProteins.
=710  2\$aUniversity of Alberta.$bDepartment of Biochemistry.
=900  \\$aNK63978
=949  \\$zUAIN$zETHESIS

