=LDR  01044ntm  2200265I  4500
=001  uab09202476
=003  AEU
=005  20140319134934.0
=006  m|||||o||d||||||||
=007  cr||||||||||||
=008  140319s1983\\\\xx\abd\\obm\\\000\0\eng\d
=040  \\$aAEU$cAEU
=050  \4$aQK566$b.J46 1983
=090  \\$aInternet Access$bAEU
=100  1\$aJenkerson, Charles Gary.
=245  12$aA comparison of three algal communities in a prairie-parkland lake$h[electronic resource] /$cby Charles Gary Jenkerson.
=260  \\$cc1983.
=300  \\$a1 online resource (xvii, 290 p.) :$bill., maps.
=500  \\$a"A thesis submitted to the Faculty of Graduate Studies and Research in partial fulfillment of the requirements for the Degree of Doctor of Philosophy in Algal Ecology, Department of Botany."
=502  \\$aThesis (Ph. D.)--University of Alberta, 1983.
=504  \\$aIncludes bibliographical references.
=650  \0$aAlgal communities.
=650  \0$aLake ecology.
=710  2\$aUniversity of Alberta.$bDepartment of Botany.
=900  \\$aNK63998
=949  \\$zUAIN$zETHESIS

