=LDR  01180ntm  2200289I  4500
=001  uab09202510
=003  AEU
=005  20140319134934.0
=006  m|||||o||d||||||||
=007  cr||||||||||||
=008  140319s1983\\\\xx\abd\\obm\\\000\0\eng\d
=040  \\$aAEU$cAEU
=043  \\$an-cn-bc
=050  \4$aQE475.G55$bV47 1983
=090  \\$aInternet Access$bAEU
=100  1\$aVernon-Chamberlain, Valerie Elaine,$d1940-
=245  14$aThe geochemistry and geochronology of the Malton Gneiss Complex, British Columbia$h[electronic resource] /$cby Valerie Elaine Vernon-Chamberlain.
=260  \\$cc1983.
=300  \\$a1 online resource (xviii, 212 p.) :$bill., maps
=500  \\$a"A thesis submitted to the Faculty of Graduate Studies and Research in partial fulfillment of the requirements for the Degree of Doctor of Philosophy, Department of Geology."
=502  \\$aThesis (Ph. D.)--University of Alberta, 1983.
=504  \\$aIncludes bibliographical references.
=590  \\$aScanned copy defective: p. 19 wanting.
=650  \0$aGneiss$zBritish Columbia.
=650  \0$aGeochemistry$zBritish Columbia.
=710  2\$aUniversity of Alberta.$bDepartment of Geology.
=900  \\$aNK64002
=949  \\$zUAIN$zETHESIS

