=LDR  01025ntm  2200253I  4500
=001  uab09202531
=003  AEU
=005  20140319134934.0
=006  m|||||o||d||||||||
=007  cr||||||||||||
=008  140319s1983\\\\xx\ad\\\obm\\\000\0\eng\d
=040  \\$aAEU$cAEU
=050  \4$aQD96.E46$bE93 1983
=090  \\$aInternet Access$bAEU
=100  1\$aEvans, Robert G.$q(Robert Gibson),$d1933-
=245  12$aA multiple photodiode array direct reading spectrometer for emission spectroscopy$h[electronic resource] /$cby Robert G. Evans.
=260  \\$cc1983.
=300  \\$a1 online resource (xx, 335 p.) :$bill.
=500  \\$a"A thesis submitted to the Faculty of Graduate Studies and Research in partial fulfillment of the requirements for the Degree of Doctor of Philosophy, Department of Chemistry."
=502  \\$aThesis (Ph. D.)--University of Alberta, 1983.
=504  \\$aIncludes bibliographical references.
=650  \0$aEmission spectroscopy.
=710  2\$aUniversity of Alberta.$bDepartment of Chemistry.
=900  \\$aNK67260
=949  \\$zUAIN$zETHESIS

