=LDR  01106ntm  2200289I  4500
=001  uab09202868
=003  AEU
=005  20140319134934.0
=006  m|||||o||d||||||||
=007  cr||||||||||||
=008  140319s1984\\\\xx\\\\\\obm\\\000\0\eng\d
=040  \\$aAEU$cAEU
=043  \\$an-cn-bc$an-cn---
=050  \4$aK5194$b.C43 1984
=090  \\$aInternet Access$bAEU
=100  1\$aChapman, Terry L.
=245  10$aSex crimes in Western Canada, 1890-1920$h[electronic resource] /$cby Terry L. Chapman.
=260  \\$cc1984.
=300  \\$a1 online resource (ix, 271 p.)
=500  \\$a"A thesis submitted to the Faculty of Graduate Studies and Research in partial fulfillment of the requirements for the Degree of Doctor of Philosophy, Department of History."
=502  \\$aThesis (Ph. D.)--University of Alberta, 1984.
=504  \\$aIncludes bibliographical references.
=650  \0$aSex and law$zCanada, Western$xHistory.
=650  \0$aSex crimes$zCanada, Western$xHistory.
=650  \0$aSexual ethics$zCanada, Western$xHistory.
=710  2\$aUniversity of Alberta.$bDepartment of History.
=900  \\$aNK67279
=949  \\$zUAIN$zETHESIS

