=LDR  01047ntm  2200265I  4500
=001  uab09202902
=003  AEU
=005  20140319134934.0
=006  m|||||o||d||||||||
=007  cr||||||||||||
=008  140319s1984\\\\xx\ab\\\obm\\\000\0\eng\d
=040  \\$aAEU$cAEU
=050  \4$aHN49.C6$bH55 1984
=090  \\$aInternet Access$bAEU
=100  1\$aHill, Terry Leonard,$d1944-
=245  10$aCommunity development and the ethics of interventionism$h[electronic resource] /$cby Terry Leonard Hill.
=260  \\$cc1984.
=300  \\$a1 online resource ([8], x, 303 p.) :$bill., map
=500  \\$a"A thesis submitted to the Faculty of Graduate Studies and Research in partial fulfillment of the requirements for the Degree of Doctor of Philosophy, Department of Sociology."
=502  \\$aThesis (Ph. D.)--University of Alberta, 1984.
=504  \\$aIncludes bibliographical references.
=650  \0$aCommunity development.
=650  \0$aCommunity development consultants.
=710  2\$aUniversity of Alberta.$bDepartment of Sociology.
=900  \\$aNK67280
=949  \\$zUAIN$zETHESIS

