=LDR  01033ntm  2200253I  4500
=001  uab09202314
=003  AEU
=005  20140319134934.0
=006  m|||||o||d||||||||
=007  cr||||||||||||
=008  140319s1984\\\\xx\ad\\\obm\\\000\0\eng\d
=040  \\$aAEU$cAEU
=050  \4$aQD262$b.N46 1984
=090  \\$aInternet Access$bAEU
=100  1\$aNgooi, Teng Ko.
=245  10$aDiels-alder reaction of 2-carbomethoxy-2-cyclohexen-1-one and its application to the synthesis of petasitolone and steroidal compounds$h[electronic resource] /$cby Teng Ko Ngooi.
=260  \\$cc1984.
=300  \\$a1 online resource (xix, 233 p.) :$bill.
=500  \\$a"A thesis submitted to the Faculty of Graduate Studies and Research in partial fulfilment of the requirements for the degree of Doctor of Philosophy in Chemistry."
=502  \\$aThesis (Ph. D.)--University of Alberta, 1984.
=504  \\$aIncludes bibliographical references.
=650  \0$aOrganic compounds$xSynthesis.
=900  \\$aNK67290
=949  \\$zUAIN$zETHESIS
=987  \\$amissing$b710$dNo department specified.

