=LDR  00986ntm  2200253I  4500
=001  uab09202362
=003  AEU
=005  20140319134934.0
=006  m|||||o||d||||||||
=007  cr||||||||||||
=008  140319s1984\\\\xx\a\\\\obm\\\000\0\eng\d
=040  \\$aAEU$cAEU
=050  \4$aQD262$b.A28 1984
=090  \\$aInternet Access$bAEU
=100  1\$aAbularach, Teofilo Dieck.
=245  10$aStudies on the total synthesis of mexicanolide$h[electronic resource] /$cby Teofilo Dieck Abularach.
=260  \\$cc1984.
=300  \\$a1 online resource (xi, 211 p.) :$bill.
=500  \\$a"A thesis submitted to the Faculty of Graduate Studies and Research in partial fulfilment of the requirements for the degree of Doctor of Philosophy, Department of Chemistry."
=502  \\$aThesis (Ph. D.)--University of Alberta, 1984.
=504  \\$aIncludes bibliographical references.
=650  \0$aOrganic compounds$xSynthesis.
=710  2\$aUniversity of Alberta.$bDepartment of Chemistry.
=900  \\$aNK67305
=949  \\$zUAIN$zETHESIS

