=LDR  00972ntm  2200265I  4500
=001  uab09202372
=003  AEU
=005  20140319134934.0
=006  m|||||o||d||||||||
=007  cr||||||||||||
=008  140319s1984\\\\xx\ad\\\obm\\\000\0\eng\d
=040  \\$aAEU$cAEU
=050  \4$aTA483$bA45 1984
=090  \\$aInternet Access$bAEU
=100  1\$aAli, Naushad.
=245  10$aTransport properties of rare earth hexaborides and alloys$h[electronic resource] /$cby Naushad Ali.
=260  \\$cc1984.
=300  \\$a1 online resource (xii, 166 p.) :$bill.
=500  \\$a"A thesis submitted to the Faculty of Graduate Studies and Research in partial fulfilment of the requirements for the degree of Doctor of Philosophy, Department of Physics."
=502  \\$aThesis (Ph. D.)--University of Alberta, 1984.
=504  \\$aIncludes bibliographical references.
=650  \0$aAlloys.
=650  \0$aPhysics.
=710  2\$aUniversity of Alberta.$bDepartment of Physics.
=900  \\$aNK67307
=949  \\$zUAIN$zETHESIS

