=LDR  01095ntm  2200253I  4500
=001  uab09202406
=003  AEU
=005  20140319134934.0
=006  m|||||o||d||||||||
=007  cr||||||||||||
=008  140319s1984\\\\xx\ad\\\obm\\\000\0\eng\d
=040  \\$aAEU$cAEU
=050  \4$aQD181.B2$bZ85 1984
=090  \\$aInternet Access$bAEU
=100  1\$aZwinkels, Joanne Cornelia Mary.
=245  10$aInfrared optical properties of barium chlorate monohydrate by specular reflectance spectroscopy$h[electronic resource] /$cby Joanne Cornelia Mary Zwinkles.
=260  \\$cc1984.
=300  \\$a1 online resource (xxiii, 400 p.) :$bill.
=500  \\$a"A thesis submitted to the Faculty of Graduate Studies and Research in partial fulfilment of the requirements for the degree of Doctor of Philosophy, Department of Physical Education in German literature, Department of Chemistry."
=502  \\$aThesis (Ph. D.)--University of Alberta, 1984.
=504  \\$aIncludes bibliographical references.
=650  \0$aBarium compounds.
=710  2\$aUniversity of Alberta.$bDepartment of Chemistry.
=900  \\$aNK67310
=949  \\$zUAIN$zETHESIS

