=LDR  01054ntm  2200265I  4500
=001  uab09202415
=003  AEU
=005  20140319134934.0
=006  m|||||o||d||||||||
=007  cr||||||||||||
=008  140319s1984\\\\xx\ad\\\obm\\\000\0\eng\d
=040  \\$aAEU$cAEU
=050  \4$aQP552.P4$bS54 1984
=090  \\$aInternet Access$bAEU
=100  1\$aShelling, Judith Grace.
=245  14$aThe calcium and lanthanide binding properties of peptides and calcium binding proteins$h[electronic resource] /$cby Judith Grace Shelling.
=260  \\$cc1984.
=300  \\$a1 online resource (xxiv, 250 p.) :$bill.
=500  \\$a"A thesis submitted to the Faculty of Graduate Studies and Research in partial fulfilment of the requirements for the degree of Doctor of Philosophy, Department of Biochemistry."
=502  \\$aThesis (Ph. D.)--University of Alberta, 1984.
=504  \\$aIncludes bibliographical references.
=650  \0$aPeptides.
=650  \0$aCalcium-binding proteins.
=710  2\$aUniversity of Alberta.$bDepartment of Biochemistry.
=900  \\$aNK67315
=949  \\$zUAIN$zETHESIS

