=LDR  01021ntm  2200253I  4500
=001  uab09202433
=003  AEU
=005  20140319134934.0
=006  m|||||o||d||||||||
=007  cr||||||||||||
=008  140319s1984\\\\xx\\\\\\obm\\\000\0\eng\d
=040  \\$aAEU$cAEU
=050  \4$aP302$b.S56 1984
=090  \\$aInternet Access$bAEU
=100  1\$aSimmons, Anthony M.$q(Anthony Michael),$d1945-
=245  14$aThe academic discourse of migration$h[electronic resource] :$ba conceptual study in discourse analysis /$cby Anthony M. Simmons.
=260  \\$cc1984.
=300  \\$a1 online resource (xii, 340 p.)
=500  \\$a"A thesis submitted to the Faculty of Graduate Studies and Research in partial fulfilment of the requirements for the degree of Doctor of Philosophy, the Department of Sociology."
=502  \\$aThesis (Ph. D.)--University of Alberta, 1984.
=504  \\$aIncludes bibliographical references.
=650  \0$aDiscourse analysis.
=710  2\$aUniversity of Alberta.$bDepartment of Sociology.
=900  \\$aNK67316
=949  \\$zUAIN$zETHESIS

