=LDR  01041ntm  2200265I  4500
=001  uab09202445
=003  AEU
=005  20140319134934.0
=006  m|||||o||d||||||||
=007  cr||||||||||||
=008  140319s1984\\\\xx\ad\\\obm\\\000\0\eng\d
=040  \\$aAEU$cAEU
=050  \4$aPR821$b.V36 1984
=090  \\$aInternet Access$bAEU
=100  1\$aVanWart, Alice.
=245  14$aThe English-Canadian poem-novel$h[electronic resource] :$bthe development of form /$cby Alice Marie Van Wart.
=260  \\$cc1984.
=300  \\$a1 online resource (vii, 242 p.) :$bill.
=500  \\$a"A thesis submitted to the Faculty of Graduate Studies and Research in partial fulfilment of the requirements for the degree of Doctor of Philosophy, Department of English."
=502  \\$aThesis (Ph. D.)--University of Alberta, 1984.
=504  \\$aIncludes bibliographical references.
=650  \0$aCanadian poetry$xHistory.
=650  \0$aCanadian literature$xHistory.
=710  2\$aUniversity of Alberta.$bDepartment of English and Film Studies.
=900  \\$aNK67318
=949  \\$zUAIN$zETHESIS

