=LDR  01188ntm  2200289I  4500
=001  uab09202487
=003  AEU
=005  20140319134934.0
=006  m|||||o||d||||||||
=007  cr||||||||||||
=008  140319s1984\\\\xx\\\\\\obm\\\000\0ceng\d
=040  \\$aAEU$cAEU
=050  \4$aPN871$b.S76 1984
=090  \\$aInternet Access$bAEU
=100  1\$aStojanovi{acute}c, Du{caron}san.
=245  14$aThe new criticism in theory and practice$h[electronic resource] :$bviews of John Crowe Ransom, Cleanth Brooks and William Empson /$cby Du{caron}san T. Stojanovi{acute}c.
=260  \\$cc1984.
=300  \\$a1 online resource (xi, 331 p.)
=500  \\$a"A thesis submitted to the Faculty of Graduate Studies and Research in partial fulfilment of the requirements for the degree of Doctor of Philosophy, Department of Comparative Literature."
=502  \\$aThesis (Ph. D.)--University of Alberta, 1984.
=504  \\$aIncludes bibliographical references.
=650  \0$aComparative literature.
=600  10$aRansom, John Crowe,$d1888-1974.
=600  10$aBrooks, Cleanth,$d1906-1994.
=600  10$aEmpson, William,$d1906-1984.
=710  2\$aUniversity of Alberta.$bDepartment of Comparative Literature.
=900  \\$aNK67322
=949  \\$zUAIN$zETHESIS

