=LDR  01001ntm  2200253I  4500
=001  uab09202490
=003  AEU
=005  20140319134934.0
=006  m|||||o||d||||||||
=007  cr||||||||||||
=008  140319s1984\\\\xx\ad\\\obm\\\000\0ceng\d
=040  \\$aAEU$cAEU
=050  \4$aQP702.O44$bW66 1984
=090  \\$aInternet Access$bAEU
=100  1\$aWong, Ting Chi.
=245  10$aSynthesis of oligosaccharide structures related to the anti-I Ma combining site studies$h[electronic resource] /$cby Ting Chi Wong.
=260  \\$cc1984.
=300  \\$a1 online resource (xiv, 172 p.) :$bill.
=500  \\$a"A thesis submitted to the Faculty of Graduate Studies and Research in partial fulfilment of the requirements for the degree of Doctor of Philosophy, Department of Philosophy."
=502  \\$aThesis (Ph. D.)--University of Alberta, 1984.
=504  \\$aIncludes bibliographical references.
=650  \0$aOligosaccharides.
=710  2\$aUniversity of Alberta.$bDepartment of Philosophy.
=900  \\$aNK67323
=949  \\$zUAIN$zETHESIS

