=LDR  01073ntm  2200277I  4500
=001  uab09202381
=003  AEU
=005  20140319134934.0
=006  m|||||o||d||||||||
=007  cr||||||||||||
=008  140319s1984\\\\xx\ad\\\obm\\\000\0\eng\d
=040  \\$aAEU$cAEU
=050  \4$aQE461$b.D56 1984
=090  \\$aInternet Access$bAEU
=100  1\$aDingwell, D. B.$q(Donald B.)
=245  10$aInvestigations of the role of fluorine in silicate melts$h[electronic resource] :$bimplications for igneous petrogenesis /$cby Donald Bruce Dingwell.
=260  \\$cc1984.
=300  \\$a1 online resource (xv, 150 p.) :$bill.
=500  \\$a"A thesis submitted to the Faculty of Graduate Studies and Research in partial fulfillment of the requirements for the Degree of Doctor of Philosophy, Department of Geology."
=502  \\$aThesis (Ph. D.)--University of Alberta, 1984.
=504  \\$aIncludes bibliographical references.
=650  \0$aFluorine.
=650  \0$aIgneous rocks.
=650  \0$aSilicates.
=710  2\$aUniversity of Alberta.$bDepartment of Geology.
=900  \\$aNK67365
=949  \\$zUAIN$zETHESIS

