=LDR  01148ntm  2200265I  4500
=001  uab09202423
=003  AEU
=005  20140319134934.0
=006  m|||||o||d||||||||
=007  cr||||||||||||
=008  140319s1984\\\\xx\a\\\\obm\\\000\0\eng\d
=040  \\$aAEU$cAEU
=050  \4$aR733$b.N39 1984
=090  \\$aInternet Access$bAEU
=100  1\$aNazarali, Adil J.$q(Adil Jafferali),$d1954-
=245  10$aAnalysis of bioactive arylalkylamines and their pro-drugs in the mammalian central nervous system$h[electronic resource] /$cby Adil J. Nazarali.
=260  \\$cc1984.
=300  \\$a1 online resource (xxiv, 207 p.) :$bill.
=500  \\$a"A thesis submitted to the Faculty of Graduate Studies and Research in partial fulfillment of the requirements for the Degree of Doctor of Philosophy in Pharmaceutical Sciences (Neurochemistry)."
=502  \\$aThesis (Ph. D.)--University of Alberta, 1984.
=504  \\$aIncludes bibliographical references.
=650  \0$aMedicine.
=650  \0$aMammals$xNervous system.
=710  2\$aUniversity of Alberta.$bFaculty of Pharmacy and Pharmacuetical Sciences.$bFaculty of Medicine (Psychiatry)
=900  \\$aNK67368
=949  \\$zUAIN$zETHESIS

