=LDR  00956ntm  2200253I  4500
=001  uab09202463
=003  AEU
=005  20140319134934.0
=006  m|||||o||d||||||||
=007  cr||||||||||||
=008  140319s1984\\\\xx\ad\\\obm\\\000\0\eng\d
=040  \\$aAEU$cAEU
=050  \4$aBF521$b.Y68 1984
=090  \\$aInternet Access$bAEU
=100  1\$aYoung, Paul D.$q(Paul Douglas)
=245  10$aMood dependent learning$h[electronic resource] /$cby Paul Douglas Young.
=260  \\$cc1984.
=300  \\$a1 online resource (xiii, 227 p.) :$bill.
=500  \\$a"A thesis submitted to the Faculty of Graduate Studies and Research in partial fulfillment of the requirements for the Degree of Doctor of Philosophy, Department of Psychology."
=502  \\$aThesis (Ph. D.)--University of Alberta, 1984.
=504  \\$aIncludes bibliographical references.
=650  \0$aMood (Psychology)
=710  2\$aUniversity of Alberta.$bDepartment of Psychology.
=900  \\$aNK67375
=949  \\$zUAIN$zETHESIS

