=LDR  00987ntm  2200253I  4500
=001  uab09202471
=003  AEU
=005  20140319134934.0
=006  m|||||o||d||||||||
=007  cr||||||||||||
=008  140319s1984\\\\xx\a\\\\obm\\\000\0\eng\d
=040  \\$aAEU$cAEU
=050  \4$aQA37.2$b.S6 1984
=090  \\$aInternet Access$bAEU
=100  1\$aSo, Joseph Wai Hung.
=245  12$aA study on some one- and two- loci predator-prey interaction models$h[electronic resource] /$cby Joseph Wai Hung So.
=260  \\$cc1984.
=300  \\$a1 online resource (viii, 140 p.) :$bill.
=500  \\$a"A thesis submitted to the Faculty of Graduate Studies and Research in partial fulfillment of the requirements for the Degree of Doctor of Philosophy, Department of Mathematics."
=502  \\$aThesis (Ph. D.)--University of Alberta, 1984.
=504  \\$aIncludes bibliographical references.
=650  \0$aMathematics.
=710  2\$aUniversity of Alberta.$bDepartment of Mathematics.
=900  \\$aNK67377
=949  \\$zUAIN$zETHESIS

