=LDR  01045ntm  2200265I  4500
=001  uab09203472
=003  AEU
=005  20140319134934.0
=006  m|||||o||d||||||||
=007  cr||||||||||||
=008  140319s1984\\\\xx\a\\\\obm\\\000\0\eng\d
=040  \\$aAEU$cAEU
=050  \4$aRA1224.3$b.H46 1984
=090  \\$aInternet Access$bAEU
=100  1\$aHennig, Ursula G. G.,$d1954-
=245  10$aGenetic toxicology of pyrvinium pamoate$h[electronic resource] /$cby Ursula G.G. Hennig.
=260  \\$cc1984.
=300  \\$a1 online resource (xiv, 217 p.) :$bill.
=500  \\$a"A thesis submitted to the Faculty of Graduate Studies and Research in partial fulfillment of the requirements for the Degree of Doctor of Philosophy, Department of Genetics and Faculty of Pharmacy and Pharmacuetical Sciences."
=502  \\$aThesis (Ph. D.)--University of Alberta, 1984.
=504  \\$aIncludes bibliographical references.
=650  \0$aGenetic toxicology.
=650  \0$aDrugs.
=710  2\$aUniversity of Alberta.$bDepartment of Genetics.
=900  \\$aNK67395
=949  \\$zUAIN$zETHESIS

