=LDR  01060ntm  2200277I  4500
=001  uab09203478
=003  AEU
=005  20140319134934.0
=006  m|||||o||d||||||||
=007  cr||||||||||||
=008  140319s1984\\\\xx\ad\\\obm\\\000\0\eng\d
=040  \\$aAEU$cAEU
=050  \4$aQC611.92$b.W45 1984
=090  \\$aInternet Access$bAEU
=100  1\$aWhitehead, J. P.$q(John Parr),$d1953-
=245  10$aAspects of magnetism and superconductivity in metals$h[electronic resource] /$cby J.P. Whitehead.
=260  \\$cc1984.
=300  \\$a1 online resource (xii, 272 p.) :$bill.
=500  \\$a"A thesis submitted to the Faculty of Graduate Studies and Research in partial fulfillment of the requirements for the Degree of Doctor of Philosophy in Theoretical Physics, Department of Physics."
=502  \\$aThesis (Ph. D.)--University of Alberta, 1984.
=504  \\$aIncludes bibliographical references.
=650  \0$aMagnetism.
=650  \0$aSuperconductivity.
=650  \0$aPhysics.
=710  2\$aUniversity of Alberta.$bDepartment of Physics.
=900  \\$aNK67396
=949  \\$zUAIN$zETHESIS

