=LDR  01074ntm  2200265I  4500
=001  uab09202424
=003  AEU
=005  20140319134934.0
=006  m|||||o||d||||||||
=007  cr||||||||||||
=008  140319s1984\\\\xx\\\\\\obm\\\000\0dfre\d
=040  \\$aAEU$cAEU
=050  \4$aPQ2637.A55$bZ52 1984
=090  \\$aInternet Access$bAEU
=100  1\$aAbbas, Eva Heide Z{uml}uhlke.
=245  14$aUne introduction a l'oeuvre poetique d'Andre Salmon$h[electronic resource] /$cby Eva Heide Z{uml}uhlke Abbas.
=260  \\$cc1984.
=300  \\$a1 online resource (xi, 367 p.)
=500  \\$a"A thesis submitted to the Faculty of Graduate Studies and Research in partial fulfillment of the requirements for the degree of Doctor of Philosophy in French Literature."
=502  \\$aThesis (Ph. D.)--University of Alberta, 1984.
=504  \\$aIncludes bibliographical references.
=650  \0$aFrench poetry$xHistory and criticism.
=600  10$aSalmon, Andr{acute}e,$d1881-1969$xCriticism and interpretation.
=710  2\$aUniversity of Alberta.$bDepartment of Romance Languages.
=900  \\$aNK67499
=949  \\$zUAIN$zETHESIS

