=LDR  01067ntm  2200265I  4500
=001  uab09202449
=003  AEU
=005  20140319134934.0
=006  m|||||o||d||||||||
=007  cr||||||||||||
=008  140319s1983\\\\xx\ad\\\obm\\\000\0\eng\d
=040  \\$aAEU$cAEU
=050  \4$aRC271.C55$bS95 1983
=090  \\$aInternet Access$bAEU
=100  1\$aSykes, Thomas Ritchie,$d1957-
=245  10$aStudies with CIS-platinum and its effects on the biological behavior of {mllhring}{mlrhring}Ga-citrate$h[electronic resource] /$cby Thomas Ritchie Sykes.
=260  \\$cc1983.
=300  \\$a1 online resource (xxi, 263 p.) :$bill.
=500  \\$a"A thesis submitted to the Faculty of Graduate Studies and Research in partial fulfilment of the requirements for the degree of Doctor of Philosophy in Pharmaceutical Sciences (Bionucleonics)."
=502  \\$aThesis (Ph. D.)--University of Alberta, 1983.
=504  \\$aIncludes bibliographical references.
=650  \0$aCisplatin.
=650  \0$aCitrates.
=710  2\$aUniversity of Alberta.$bPharmacy and Pharmaceutical Sciences.
=900  \\$aNK67512
=949  \\$zUAIN$zETHESIS

