=LDR  00997ntm  2200253I  4500
=001  uab09202473
=003  AEU
=005  20140319134934.0
=006  m|||||o||d||||||||
=007  cr||||||||||||
=008  140319s1983\\\\xx\ad\\\obm\\\000\0\eng\d
=040  \\$aAEU$cAEU
=050  \4$aR853.B54$bG37 1983
=090  \\$aInternet Access$bAEU
=100  1\$aGari{acute}epy, Jean,$d1954-
=245  10$aMolecular analysis of a model EF hand domain representing site III of rabbit skeletal troponin C$h[electronic resource] /$cby Jean Gari{acute}epy.
=260  \\$cc1983.
=300  \\$a1 online resource (xxvii, 299 p.) :$bill.
=500  \\$a"A thesis submitted to the Faculty of Graduate Studies and Research in partial fulfilment of the requirements for the degree of Doctor of Philosophy."
=502  \\$aThesis (Ph. D.)--University of Alberta, 1983.
=504  \\$aIncludes bibliographical references.
=650  \0$aBiochemical markers.
=710  2\$aUniversity of Alberta.$bDepartment of Biochemistry.
=900  \\$aNK67514
=949  \\$zUAIN$zETHESIS

