=LDR  01065ntm  2200277I  4500
=001  uab09202485
=003  AEU
=005  20140319134934.0
=006  m|||||o||d||||||||
=007  cr||||||||||||
=008  140319s1983\\\\xx\a\\\\obm\\\000\0\eng\d
=040  \\$aAEU$cAEU
=050  \4$aQL537.D76$bE24 1983
=090  \\$aInternet Access$bAEU
=100  1\$aEberlein, Sue Jane,$d1957-
=245  12$aA genetic analysis of the engrailed region of Drosophila melanogaster$h[electronic resource] /$cby Sue Jane Eberlein.
=260  \\$cc1983.
=300  \\$a1 online resource (x, 121 p.) :$bill.
=500  \\$a"A thesis submitted to the Faculty of Graduate Studies and Research in partial fulfilment of the requirements for the degree of Doctor of Philosophy."
=502  \\$aThesis (Ph. D.)--University of Alberta, 1983.
=504  \\$aIncludes bibliographical references.
=590  \\$aScanned copy imperfect: p. [68, 87] unreadable.
=650  \0$aDrosophila melanogaster.
=650  \0$aGenetics.
=710  2\$aUniversity of Alberta.$bDepartment of Genetics.
=900  \\$aNK67516
=949  \\$zUAIN$zETHESIS

