=LDR  01001ntm  2200265I  4500
=001  uab09204975
=003  AEU
=005  20140319134934.0
=006  m|||||o||d||||||||
=007  cr||||||||||||
=008  140319s1983\\\\xx\ad\\\obm\\\000\0\eng\d
=040  \\$aAEU$cAEU
=050  \4$aQD79.C454$bH89 1983
=090  \\$aInternet Access$bAEU
=100  1\$aHux, Robert A.$q(Robert Arthur)
=245  10$aLiquid chromatography and two-phase potentiometric titrations$h[electronic resource] /$cby Robert A. Hux.
=260  \\$cc1983.
=300  \\$a1 online resource (xxii, 230 p.) :$bill.
=500  \\$a"A thesis submitted to the Faculty of Graduate Studies and Research in partial fulfilment of the requirements for the degree of Doctor of Philosophy."
=502  \\$aThesis (Ph. D.)--University of Alberta, 1983.
=504  \\$aIncludes bibliographical references.
=650  \0$aLiquid chromatography.
=650  \0$aPotentiometry.
=710  2\$aUniversity of Alberta.$bDepartment of Chemistry.
=900  \\$aNK67518
=949  \\$zUAIN$zETHESIS

