=LDR  01045ntm  2200265I  4500
=001  uab09205405
=003  AEU
=005  20140319134934.0
=006  m|||||o||d||||||||
=007  cr||||||||||||
=008  140319s1983\\\\xx\ad\\\obm\\\000\0\eng\d
=040  \\$aAEU$cAEU
=050  \4$aQP613.A75$bE88 1983
=090  \\$aInternet Access$bAEU
=100  1\$aEstelle, Mark Andrew,$d1955-
=245  14$aThe analysis of a dopa decarboxylase activity variant in Drosophila melanogaster$h[electronic resource] /$cby Mark Andrew Estelle.
=260  \\$cc1983.
=300  \\$a1 online resource (xiv, 174 p.) :$bill.
=500  \\$a"A thesis submitted to the Faculty of Graduate Studies and Research in partial fulfillment of the requirements for the degree of Doctor of Philosophy."
=502  \\$aThesis (Ph. D.)--University of Alberta, 1983.
=504  \\$aIncludes bibliographical references.
=650  \0$aAromatic amino acid decarboxylases.
=650  \0$aDrosophila melanogaster.
=710  2\$aUniversity of Alberta.$bDepartment of Genetics.
=900  \\$aNK67530
=949  \\$zUAIN$zETHESIS

