=LDR  00953ntm  2200265I  4500
=001  uab09205407
=003  AEU
=005  20140319134934.0
=006  m|||||o||d||||||||
=007  cr||||||||||||
=008  140319s1983\\\\xx\ad\\\obm\\\000\0\eng\d
=040  \\$aAEU$cAEU
=050  \4$aQD116.V64$bH56 1983
=090  \\$aInternet Access$bAEU
=100  1\$aHinman, Scott,$d1951-
=245  10$aVoltammetry of some metalloporphyrins$h[electronic resource] /$cby Scott Hinman.
=260  \\$cc1983.
=300  \\$a1 online resource (xvi, 292 p.) :$bill.
=500  \\$a"A thesis submitted to the Faculty of Graduate Studies and Research in partial fulfillment of the requirements for the degree of Doctor of Philosophy."
=502  \\$aThesis (Ph. D.)--University of Alberta, 1983.
=504  \\$aIncludes bibliographical references.
=650  \0$aVoltammetry.
=650  \0$aPorphyrins.
=710  2\$aUniversity of Alberta.$bDepartment of Chemistry.
=900  \\$aNK67531
=949  \\$zUAIN$zETHESIS

