=LDR  00979ntm  2200265I  4500
=001  uab09205411
=003  AEU
=005  20140319134934.0
=006  m|||||o||d||||||||
=007  cr||||||||||||
=008  140319s1983\\\\xx\a\\\\obm\\\000\0\eng\d
=040  \\$aAEU$cAEU
=050  \4$aQA166$b.T75 1983
=090  \\$aInternet Access$bAEU
=100  1\$aTsin, Yung Hyang.
=245  10$aPortable efficient algorithms for graph theoretic problems$h[electronic resource] /$cby Yung Hyang Tsin.
=260  \\$cc1983.
=300  \\$a1 online resource (xii, 153 p.) :$bill.
=500  \\$a"A thesis submitted to the Faculty of Graduate Studies and Research in partial fulfillment of the requirements for the degree of Doctor of Philosophy."
=502  \\$aThesis (Ph. D.)--University of Alberta, 1983.
=504  \\$aIncludes bibliographical references.
=650  \0$aGraph theory.
=650  \0$aAlgorithms.
=710  2\$aUniversity of Alberta.$bDepartment of Computing Science.
=900  \\$aNK67532
=949  \\$zUAIN$zETHESIS

