=LDR  01034ntm  2200265I  4500
=001  uab09205760
=003  AEU
=005  20140319134934.0
=006  m|||||o||d||||||||
=007  cr||||||||||||
=008  140319s1989\\\\xx\ad\\\obm\\\000\0\eng\d
=040  \\$aAEU$cAEU
=050  \4$aTK3001$b.K83 1989
=090  \\$aInternet Access$bAEU
=100  1\$aKua, Hung Kweng,$d1961-
=245  10$aOperation and maintenance of distribution networks$h[electronic resource] /$cby Kua Hung Kweng.
=260  \\$cc1989.
=300  \\$a1 online resource (xvii, 175 p.) :$bill.
=500  \\$a"A thesis submitted to the Faculty of Graduate Studies and Research in partial fulfillment of the requirements for the degree of Doctor of Philosophy."
=502  \\$aThesis (Ph. D.)--University of Alberta, 1989.
=504  \\$aIncludes bibliographical references.
=650  \0$aElectric power distribution.
=650  \0$aElectric power systems$xMaintenance and repair.
=710  2\$aUniversity of Alberta.$bDepartment of Electrical Engineering.
=900  \\$aNL52868
=949  \\$zUAIN$zETHESIS

