=LDR  01033ntm  2200265I  4500
=001  uab09205785
=003  AEU
=005  20140319134934.0
=006  m|||||o||d||||||||
=007  cr||||||||||||
=008  140319s1996\\\\xx\a\\\\obm\\\000\0\eng\d
=040  \\$aAEU$cAEU
=050  \4$aHD58.7$b.V53 1996
=090  \\$aInternet Access$bAEU
=100  1\$aVibert, Conor,$d1962-
=245  14$aThe management of relational risk in project based strategic alliances$h[electronic resource] /$cby Conor Vibert.
=260  \\$cc1996.
=300  \\$a1 online resource (179 p.) :$bill.
=500  \\$a"A thesis submitted to the Faculty of Graduate Studies and Research in partial fulfillment of the requirements for the degree of Doctor of Philosophy in Organizational Analysis."
=502  \\$aThesis (Ph. D.)--University of Alberta, 1996.
=504  \\$aIncludes bibliographical references.
=650  \0$aOrganizational behavior.
=650  \0$aStrategic alliances (Business)
=710  2\$aUniversity of Alberta.$bFaculty of Business.
=900  \\$aNN18124
=949  \\$zUAIN$zETHESIS

