=LDR  01046ntm  2200265I  4500
=001  uab09205796
=003  AEU
=005  20140319134934.0
=006  m|||||o||d||||||||
=007  cr||||||||||||
=008  140319s1990\\\\xx\ad\\\obm\\\000\0\eng\d
=040  \\$aAEU$cAEU
=050  \4$aQL120.5$b.L33 1990
=090  \\$aInternet Access$bAEU
=100  1\$aLacoursi{grave}ere, Jean,$d1958-
=245  10$aSuspension-feeding behaviour of black fly larvae (Diptera: Simuliidae)$h[electronic resource] :$bhydrodynamical perspectives /$cby Jean O. Lacoursi{grave}ere.
=260  \\$cc1990.
=300  \\$a1 online resource (xiii, 194 p.) :$bill.
=500  \\$a"A thesis submitted to the Faculty of Graduate Studies and Research in partial fulfillment of the requirements for the degree of Doctor of Philosophy."
=502  \\$aThesis (Ph. D.)--University of Alberta, 1990.
=504  \\$aIncludes bibliographical references.
=650  \0$aSuspension feeders.
=650  \0$aSimuliidae$xLarvae.
=710  2\$aUniversity of Alberta.$bDepartment of Entomology.
=900  \\$aNN60326
=949  \\$zUAIN$zETHESIS

