=LDR  01056ntm  2200253I  4500
=001  uab09205808
=003  AEU
=005  20140319134934.0
=006  m|||||o||d||||||||
=007  cr||||||||||||
=008  140319s1993\\\\xx\ad\\\obm\\\000\0\eng\d
=040  \\$aAEU$cAEU
=050  \4$aTN870$b.C43 1993
=090  \\$aInternet Access$bAEU
=100  1\$aChakrabarty, Chayan,$d1964-
=245  10$aPressure transient analysis of non-Newtonian power-law fluid flow in fractal reservoirs$h[electronic resource] /$cby Chayan Chakrabarty.
=260  \\$cc1993.
=300  \\$a1 online resource (xvii, 175 p.) :$bill.
=500  \\$a"A thesis submitted to the Faculty of Graduate Studies and Research in partial fulfillment of the requirements for the degree of Doctor of Philosophy in Petroleum Engineering."
=502  \\$aThesis (Ph. D.)--University of Alberta, 1993.
=504  \\$aIncludes bibliographical references.
=650  \0$aPetroleum engineering.
=710  2\$aUniversity of Alberta.$bDepartment of Mining, Metallurgical & Petroleum Engineering.
=900  \\$aNN82165
=949  \\$zUAIN$zETHESIS

