=LDR  01308ntm  2200313I  4500
=001  uab09205841
=003  AEU
=005  20140319134934.0
=006  m|||||o||d||||||||
=007  cr||||||||||||
=008  140319s1997\\\\xx\\\\\\obm\\\000\0deng\d
=040  \\$aAEU$cAEU
=050  \4$aPN6110.L6$bD78 1997
=090  \\$aInternet Access$bAEU
=100  1\$aDrummond, Margaret Marina,$d1938-
=245  13$aAn illusion of love$h[electronic resource] :$ba study of male-female relationships in four roman poets (Lucretius, Catullus, Propertius and Ovid), and of the reflections of their poetry in visual art /$cby Margaret Marina Drummond.
=260  \\$cc1997.
=300  \\$a1 online resource (282 p.)
=500  \\$a"A thesis submitted to the Faculty of Graduate Studies and Research in partial fulfillment of the requirements for the degree of Doctor of Philosophy in Classical Studies."
=502  \\$aThesis (Ph. D.)--University of Alberta, 1997.
=504  \\$aIncludes bibliographical references.
=650  \0$aLove poetry.
=650  \0$aPoetry, Ancient.
=600  10$aLucretius Carus, Titus.
=600  10$aCatullus, Gaius Valerius.
=600  10$aPropertius, Sextus.
=600  00$aOvid,$d43 B.C.-17 A.D. or 18 A.D.
=710  2\$aUniversity of Alberta.$bDepartment of History and Classics.
=900  \\$aNQ21564
=949  \\$zUAIN$zETHESIS

