=LDR  01009ntm  2200277I  4500
=001  uab09205918
=003  AEU
=005  20140319134934.0
=006  m|||||o||d||||||||
=007  cr||||||||||||
=008  140319s1998\\\\xx\ad\\\obm\\\000\0\eng\d
=040  \\$aAEU$cAEU
=050  \4$aRM349$b.F73 1998
=090  \\$aInternet Access$bAEU
=100  1\$aFraser, Bernadine Heather.
=245  10$aGlycogen and glucose metabolism in cardioprotection$h[electronic resource] /$cby Bernadine Heather Fraser.
=260  \\$cc1998.
=300  \\$a1 online resource (242 p.) :$bill.
=500  \\$a"A thesis submitted to the Faculty of Graduate Studies and Research in partial fulfillment of the requirements for the degree of Doctor of Philosophy."
=502  \\$aThesis (Ph. D.)--University of Alberta, 1998.
=504  \\$aIncludes bibliographical references.
=650  \0$aCardiotonic agents.
=650  \0$aGlycogen.
=650  \0$aGlucose.
=710  2\$aUniversity of Alberta.$bDepartment of Pharmacology.
=900  \\$aNQ34764
=949  \\$zUAIN$zETHESIS

