=LDR  01587ntm  2200325I  4500
=001  uab09202478
=003  AEU
=005  20140319134934.0
=006  m|||||o||d||||||||
=007  cr||||||||||||
=008  140319s1984\\\\xx\\\\\\obm\\\000\0dger\d
=040  \\$aAEU$cAEU
=041  0\$ager$beng
=050  \4$aPT2189$b.H46 1984
=090  \\$aInternet Access$bAEU
=100  1\$aHenn, Marianne.
=245  10$aGoethes Verh{uml}altnis zum {uml}Uberlieferten in seinem Alterswerk$h[electronic resource] :$bWest-{uml}Ostlicher Divan, Wilhelm Meisters Wanderjahre und Faust. Der Trag{uml}odie zweiter Teil /$cby Marianne Henn.
=260  \\$cc1984.
=300  \\$a1 online resource (xvi, 672, [1] p.)
=500  \\$a"A thesis submitted to the Faculty of Graduate Studies and Research in partial fulfillment of the requirements for the Degree of Doctor of Philosophy in German Literature, Department of Germanic Languages."
=502  \\$aThesis (Ph. D.)--University of Alberta, 1984.
=504  \\$aIncludes bibliographical references.
=546  \\$aText in German with abstract in English.
=590  \\$aScanned copy imperfect: ink blotches or scanning imperfections render some text unreadable.
=600  10$aGoethe, Johann Wolfgang von,$d1749-1832$xCriticism and interpretation.
=600  10$aGoethe, Johann Wolfgang von,$d1749-1832.$tFaust.$n2. Theil.
=600  10$aGoethe, Johann Wolfgang von,$d1749-1832.$tWilhelm Meisters Wanderjahre.
=600  10$aGoethe, Johann Wolfgang von,$d1749-1832.$tWest-{uml}ostlicher Divan.
=710  2\$aUniversity of Alberta.$bDepartment of Germanic Languages.
=900  \\$aNK67426
=949  \\$zUAIN$zETHESIS

