=LDR  01285ntm  2200301I  4500
=001  uab09202506
=003  AEU
=005  20140319134934.0
=006  m|||||o||d||||||||
=007  cr||||||||||||
=008  140319s1984\\\\xx\adf\\obm\\\000\0\eng\d
=040  \\$aAEU$cAEU
=050  \4$aQL963.5$b.K85 1984
=090  \\$aInternet Access$bAEU
=100  1\$aKulyk, William M.$q(William Michael),$d1953-
=245  10$aGlycosaminoglycan synthesis and degradation in the newt iris during lens regeneration$h[electronic resource] /$cby William M. Kulyk.
=260  \\$cc1984.
=300  \\$a1 online resource (xvii, 269 p.) :$bill.
=500  \\$a"A thesis submitted to the Faculty of Graduate Studies and Research in partial fulfillment of the requirements for the Degree of Doctor of Philosophy in Zoology, field of study: Cell Biology, Department of Zoology."
=502  \\$aThesis (Ph. D.)--University of Alberta, 1984.
=504  \\$aIncludes bibliographical references.
=590  \\$aScanned copy imperfect: ink blotches or scanning imperfections render some text unreadable.
=650  \0$aCell differentiation.
=650  \0$aNewts$xCytology.
=650  \0$aRegeneration (Biology)
=650  \0$aCrystalline lens.
=710  2\$aUniversity of Alberta.$bDepartment of Zoology.
=900  \\$aNK67430
=949  \\$zUAIN$zETHESIS

