=LDR  01102ntm  2200265I  4500
=001  uab09202513
=003  AEU
=005  20140319134934.0
=006  m|||||o||d||||||||
=007  cr||||||||||||
=008  140319s1984\\\\xx\adf\\obm\\\000\0\eng\d
=040  \\$aAEU$cAEU
=050  \4$aRC269.5$b.K54 1984
=090  \\$aInternet Access$bAEU
=100  1\$aKieran, Mark William.
=245  10$aNature of receptor-acceptor interactions in organ specific metastasis$h[electronic resource] /$cby Mark William Kieran.
=260  \\$cc1984.
=300  \\$a1 online resource (xiii, 90 p.) :$bill.
=500  \\$a"A thesis submitted to the Faculty of Graduate Studies and Research in partial fulfillment of the requirements for the Degree of Doctor of Philosophy in Medical Sciences (Immunology)."
=502  \\$aThesis (Ph. D.)--University of Alberta, 1984.
=504  \\$aIncludes bibliographical references.
=590  \\$aScanned copy imperfect: ink blotches or scanning imperfections render some text unreadable.
=650  \0$aMetastasis.
=710  2\$aUniversity of Alberta.$bDepartment of Medicine.
=900  \\$aNK67431
=949  \\$zUAIN$zETHESIS

