=LDR  01155ntm  2200289I  4500
=001  uab09202524
=003  AEU
=005  20140319134934.0
=006  m|||||o||d||||||||
=007  cr||||||||||||
=008  140319s1983\\\\xx\af\\\obm\\\000\0\eng\d
=040  \\$aAEU$cAEU
=050  \4$aHV6626.5$b.M86 1983
=090  \\$aInternet Access$bAEU
=100  1\$aMunro, Brenda,$d1952-
=245  10$aParental frustration as related to parental aggression$h[electronic resource] /$cby Brenda E. Munro.
=260  \\$cc1983.
=300  \\$a1 online resource (x, 210 p.) :$bill.
=500  \\$a"A thesis submitted to the Faculty of Graduate Studies and Research in partial fulfillment of the requirements for the Degree of Doctor of Philosophy, Department of Sociology."
=502  \\$aThesis (Ph. D.)--University of Alberta, 1983.
=504  \\$aIncludes bibliographical references.
=590  \\$aScanned copy imperfect: ink blotches or scanning imperfections render some text unreadable.
=650  \0$aAbusive parents$xCase studies.
=650  \0$aFrustration.
=650  \0$aAggressiveness.
=710  2\$aUniversity of Alberta.$bDepartment of Sociology.
=900  \\$aNK67446
=949  \\$zUAIN$zETHESIS

