=LDR  01202ntm  2200301I  4500
=001  uab09202539
=003  AEU
=005  20140319134934.0
=006  m|||||o||d||||||||
=007  cr||||||||||||
=008  140319s1983\\\\xx\\\\\\obm\\\000\0\eng\d
=040  \\$aAEU$cAEU
=050  \4$aHM1181$b.W75 1983
=090  \\$aInternet Access$bAEU
=100  1\$aWright, Edward F.$q(Edward Fredrick),$d1950-
=245  10$aGroup discussion and the dispositional bias$h[electronic resource] /$cby Edward Fredrick Wright.
=260  \\$cc1983.
=300  \\$a1 online resource (xii, 127 p.)
=500  \\$a"A thesis submitted to the Faculty of Graduate Studies and Research in partial fulfillment of the requirements for the Degree of Doctor of Philosophy, Department of Psychology."
=502  \\$aThesis (Ph. D.)--University of Alberta, 1983.
=504  \\$aIncludes bibliographical references.
=590  \\$aScanned copy imperfect: ink blotches or scanning imperfections render some text unreadable.
=650  \0$aAttitude (Psychology)
=650  \0$aSocial psychology.
=650  \0$aPsychological tests.
=650  \0$aDiscrimination.
=710  2\$aUniversity of Alberta.$bDepartment of Psychology.
=900  \\$aNK67452
=949  \\$zUAIN$zETHESIS

