=LDR  01314ntm  2200301I  4500
=001  uab09202562
=003  AEU
=005  20140319134934.0
=006  m|||||o||d||||||||
=007  cr||||||||||||
=008  140319s1983\\\\xx\adf\\obm\\\000\0\eng\d
=040  \\$aAEU$cAEU
=050  \4$aQH603.C4$bS55 1983
=090  \\$aInternet Access$bAEU
=100  1\$aSikerwar, Santosh Singh.
=245  10$aStructural studies on the gap junctions from mouse liver$h[electronic resource] :$bisolation and characterization /$cby Santosh Singh Sikerwar.
=260  \\$cc1983.
=300  \\$a1 online resource (xii, 133 p.) :$bill.
=500  \\$aIn partial fulfilment of the requirements for the degree of Doctor of Philosophy in Cell Biology Zoology.
=500  \\$a"A thesis submitted to the Faculty of Graduate Studies and Research in partial fulfillment of the requirements for the Degree of Doctor of Philosophy in Cell Biology, Zoology."
=502  \\$aThesis (Ph. D.)--University of Alberta, 1983.
=504  \\$aIncludes bibliographical references.
=590  \\$aScanned copy imperfect: ink blotches or scanning imperfections render some text unreadable.
=650  \0$aGap junctions (Cell biology)
=650  \0$aMice$xPhysiology.
=650  \0$aLiver cells.
=900  \\$aNK67455
=949  \\$zUAIN$zETHESIS
=987  \\$amissing$b710$dNo department specified.

