=LDR  01146ntm  2200289I  4500
=001  uab09202570
=003  AEU
=005  20140319134934.0
=006  m|||||o||d||||||||
=007  cr||||||||||||
=008  140319s1984\\\\xx\adf\\obm\\\000\0\eng\d
=040  \\$aAEU$cAEU
=050  \4$aQD651.M38$bG68 1984
=090  \\$aInternet Access$bAEU
=100  1\$aGour-Salin, Barbara Joan,$d1953-
=245  10$aThiol-imidazole pairs as models of papain action$h[electronic resource] /$cby Barbara Joan Gour-Salin.
=260  \\$cc1984.
=300  \\$a1 online resource (xv, 242 p.) :$bill.
=500  \\$a"A thesis submitted to the Faculty of Graduate Studies and Research in partial fulfillment of the requirements for the Degree of Doctor of Philosophy, Department of Chemistry."
=502  \\$aThesis (Ph. D.)--University of Alberta, 1984.
=504  \\$aIncludes bibliographical references.
=590  \\$aScanned copy imperfect: ink blotches or scanning imperfections render some text unreadable.
=650  \0$aThiols.
=650  \0$aPapain.
=650  \0$aProteolytic enzymes.
=710  2\$aUniversity of Alberta.$bDepartment of Chemistry.
=900  \\$aNK67470
=949  \\$zUAIN$zETHESIS

