=LDR  01199ntm  2200277I  4500
=001  uab09202580
=003  AEU
=005  20140319134934.0
=006  m|||||o||d||||||||
=007  cr||||||||||||
=008  140319s1984\\\\xx\adf\\obm\\\000\0\eng\d
=040  \\$aAEU$cAEU
=050  \4$aQL537.D76$bG54 1984
=090  \\$aInternet Access$bAEU
=100  1\$aGietz, Roman Daniel Hardy,$d1954-
=245  14$aThe analysis of dopa decarboxylase expression during embryogenesis in Drosophila melanogaster$h[electronic resource] /$cby Roman Daniel Hardy Gietz.
=260  \\$cc1984.
=300  \\$a1 online resource (xv, 197 p.) :$bill.
=500  \\$a"A thesis submitted to the Faculty of Graduate Studies and Research in partial fulfillment of the requirements for the Degree of Doctor of Philosophy, Department of Genetics."
=502  \\$aThesis (Ph. D.)--University of Alberta, 1984.
=504  \\$aIncludes bibliographical references.
=590  \\$aScanned copy imperfect: ink blotches or scanning imperfections render some text unreadable.
=650  \0$aAromatic amino acid decarboxylases.
=650  \0$aDrosophila melanogaster.
=710  2\$aUniversity of Alberta.$bDepartment of Genetics.
=900  \\$aNK67472
=949  \\$zUAIN$zETHESIS

