=LDR  01249ntm  2200301I  4500
=001  uab09202583
=003  AEU
=005  20140319134934.0
=006  m|||||o||d||||||||
=007  cr||||||||||||
=008  140319s1984\\\\xx\adf\\obm\\\000\0\eng\d
=040  \\$aAEU$cAEU
=050  \4$aRJ482.S3$bF67 1984
=090  \\$aInternet Access$bAEU
=100  1\$aFord, Donna Marie.
=245  10$aHuman and monkey paravertebral musculature with particular reference to adolescent idiopathic scoliosis$h[electronic resource] /$cby Donna Marie Ford.
=260  \\$cc1984.
=300  \\$a1 online resource (xiii, 176 p., 18 leaves of plates) :$bill.
=500  \\$a"A thesis submitted to the Faculty of Graduate Studies and Research in partial fulfillment of the requirements for the Degree of Doctor of Philosophy, Anatomy."
=502  \\$aThesis (Ph. D.)--University of Alberta, 1984.
=504  \\$aIncludes bibliographical references.
=590  \\$aScanned copy imperfect: ink blotches or scanning imperfections render some text unreadable.
=650  \0$aScoliosis in children.
=650  \0$aIntervertebral disk$xAbnormalities.
=650  \0$aNeuromuscular diseases.
=650  \0$aScoliosis.
=900  \\$aNK67474
=949  \\$zUAIN$zETHESIS
=987  \\$amissing$b710$dNo department specified.

