=LDR  01159ntm  2200277I  4500
=001  uab09202618
=003  AEU
=005  20140319134934.0
=006  m|||||o||d||||||||
=007  cr||||||||||||
=008  140319s1983\\\\xx\adf\\obm\\\000\0\eng\d
=040  \\$aAEU$cAEU
=050  \4$aRM666.M25$bK35 1983
=090  \\$aInternet Access$bAEU
=100  1\$aKale, Vilas Nathuram,$d1953-
=245  10$aSynthetic studies related to thiathromboxane A[subscript 2] and macrolides$h[electronic resource] /$cby Vilas Nathuram Kale.
=260  \\$cc1983.
=300  \\$a1 online resource (xvii, 227 p.) :$bill.
=500  \\$a"A thesis submitted to the Faculty of Graduate Studies and Research in partial fulfillment of the requirements for the Degree of Doctor of Philosophy, Department of Chemistry."
=502  \\$aThesis (Ph. D.)--University of Alberta, 1983.
=504  \\$aIncludes bibliographical references.
=590  \\$aScanned copy imperfect: ink blotches or scanning imperfections render some text unreadable.
=650  \0$aMacrolide antibiotics.
=650  \0$aMacrocyclic compounds.
=710  2\$aUniversity of Alberta.$bDepartment of Chemistry.
=900  \\$aNK67480
=949  \\$zUAIN$zETHESIS

